<?xml version="1.0" encoding="UTF-8"?>
<!DOCTYPE html PUBLIC "-//W3C//DTD XHTML 1.0 Transitional//EN"
    "http://www.w3.org/TR/xhtml1/DTD/xhtml1-transitional.dtd">
<html xmlns="http://www.w3.org/1999/xhtml" xml:lang="en" lang="en">
 <head>
  <title>
</title>
<meta http-equiv="Content-Type" content="text/html;charset=utf-8" />
  <meta name='ocr-system' content='tesseract 3.04.00' />
  <meta name='ocr-capabilities' content='ocr_page ocr_carea ocr_par ocr_line ocrx_word'/>
</head>
<body>
  <div class='ocr_page' id='page_1' title='image "./ccrispisalustii01sallgoog_0404.png"; bbox 0 0 4334 5354; ppageno 0'>
   <div class='ocr_carea' id='block_1_1' title="bbox 425 513 498 605">
    <p class='ocr_par' dir='ltr' id='par_1_1' title="bbox 425 513 498 605">
     <span class='ocr_line' id='line_1_1' title="bbox 425 513 498 605; baseline 0.014 -23"><span class='ocrx_word' id='word_1_1' title='bbox 425 513 498 605; x_wconf 74' lang='grc'><strong>598</strong></span> 
     </span>
    </p>
   </div>
   <div class='ocr_carea' id='block_1_2' title="bbox 384 687 1849 2886">
    <p class='ocr_par' dir='ltr' id='par_1_2' title="bbox 384 687 1849 2886">
     <span class='ocr_line' id='line_1_2' title="bbox 425 687 1826 783; baseline -0.001 -16"><span class='ocrx_word' id='word_1_2' title='bbox 425 707 599 767; x_wconf 68' lang='lat' dir='ltr'><strong>administer</strong></span> <span class='ocrx_word' id='word_1_3' title='bbox 619 703 787 782; x_wconf 86' lang='lat' dir='ltr'><strong>Perpenna,</strong></span> <span class='ocrx_word' id='word_1_4' title='bbox 807 687 1008 760; x_wconf 53' lang='lat' dir='ltr'><strong>ob&#39;delictum</strong></span> <span class='ocrx_word' id='word_1_5' title='bbox 1031 702 1107 760; x_wconf 89' lang='lat' dir='ltr'><strong>tanti</strong></span> <span class='ocrx_word' id='word_1_6' title='bbox 1127 701 1265 760; x_wconf 83' lang='lat' dir='ltr'><strong>facinoris</strong></span> <span class='ocrx_word' id='word_1_7' title='bbox 1284 703 1466 783; x_wconf 88' lang='lat' dir='ltr'><strong>supplicium</strong></span> <span class='ocrx_word' id='word_1_8' title='bbox 1487 703 1609 776; x_wconf 90' lang='lat' dir='ltr'><strong>timens,</strong></span> <span class='ocrx_word' id='word_1_9' title='bbox 1638 721 1672 762; x_wconf 87' lang='lat' dir='ltr'><strong>ex</strong></span> <span class='ocrx_word' id='word_1_10' title='bbox 1690 701 1826 764; x_wconf 81' lang='lat' dir='ltr'>Sardinia</span> 
     </span>
     <span class='ocr_line' id='line_1_3' title="bbox 425 799 1827 888; baseline -0.001 -16"><span class='ocrx_word' id='word_1_11' title='bbox 425 815 458 872; x_wconf 93' lang='lat' dir='ltr'><strong>in</strong></span> <span class='ocrx_word' id='word_1_12' title='bbox 478 808 654 888; x_wconf 78' lang='lat' dir='ltr'><strong>Hispaniam</strong></span> <span class='ocrx_word' id='word_1_13' title='bbox 676 805 854 866; x_wconf 78' lang='lat' dir='ltr'><strong>transvectus</strong></span> <span class='ocrx_word' id='word_1_14' title='bbox 880 817 943 879; x_wconf 85' lang='lat' dir='ltr'><strong>est,</strong></span> <span class='ocrx_word' id='word_1_15' title='bbox 956 839 960 843; x_wconf 94' lang='lat'>·</span> <span class='ocrx_word' id='word_1_16' title='bbox 974 825 1010 865; x_wconf 84' lang='lat' dir='ltr'><strong>uc</strong></span> <span class='ocrx_word' id='word_1_17' title='bbox 1034 825 1066 865; x_wconf 88' lang='lat' dir='ltr'><strong>se</strong></span> <span class='ocrx_word' id='word_1_18' title='bbox 1089 805 1220 866; x_wconf 87' lang='lat' dir='ltr'><strong>Sertorio</strong></span> <span class='ocrx_word' id='word_1_19' title='bbox 1245 809 1376 887; x_wconf 84' lang='lat' dir='ltr'><strong>sociarit,</strong></span> <span class='ocrx_word' id='word_1_20' title='bbox 1398 807 1451 886; x_wconf 91' lang='lat' dir='ltr'><strong>qui</strong></span> <span class='ocrx_word' id='word_1_21' title='bbox 1479 799 1544 866; x_wconf 85' lang='lat' dir='ltr'><strong>tum</strong></span> <span class='ocrx_word' id='word_1_22' title='bbox 1571 806 1713 868; x_wconf 83' lang='lat' dir='ltr'><strong>Romanis</strong></span> <span class='ocrx_word' id='word_1_23' title='bbox 1741 814 1827 870; x_wconf 89' lang='lat' dir='ltr'><strong>armis</strong></span> 
     </span>
     <span class='ocr_line' id='line_1_4' title="bbox 425 909 1828 995; baseline 0.002 -23"><span class='ocrx_word' id='word_1_24' title='bbox 425 910 579 995; x_wconf 74' lang='lat' dir='ltr'><strong>quassabat</strong></span> <span class='ocrx_word' id='word_1_25' title='bbox 602 912 783 992; x_wconf 67' lang='lat' dir='ltr'><strong>imperium⁸¹</strong></span> <span class='ocrx_word' id='word_1_26' title='bbox 804 909 881 972; x_wconf 83' lang='lat' dir='ltr'><strong>Nam</strong></span> <span class='ocrx_word' id='word_1_27' title='bbox 902 909 954 972; x_wconf 92' lang='lat' dir='ltr'><strong>hic</strong></span> <span class='ocrx_word' id='word_1_28' title='bbox 974 912 1119 973; x_wconf 91' lang='lat' dir='ltr'><strong>Sertorius</strong></span> <span class='ocrx_word' id='word_1_29' title='bbox 1142 911 1179 972; x_wconf 91' lang='lat' dir='ltr'><strong>de</strong></span> <span class='ocrx_word' id='word_1_30' title='bbox 1196 910 1284 972; x_wconf 85' lang='lat' dir='ltr'><strong>Marii</strong></span> <span class='ocrx_word' id='word_1_31' title='bbox 1305 909 1437 992; x_wconf 83' lang='lat' dir='ltr'><strong>partibus</strong></span> <span class='ocrx_word' id='word_1_32' title='bbox 1455 913 1521 972; x_wconf 84' lang='lat' dir='ltr'><strong>tuit.</strong></span> <span class='ocrx_word' id='word_1_33' title='bbox 1553 910 1695 972; x_wconf 81' lang='lat' dir='ltr'><strong>Norbano</strong></span> <span class='ocrx_word' id='word_1_34' title='bbox 1712 924 1743 973; x_wconf 90' lang='lat' dir='ltr'><strong>et</strong></span> <span class='ocrx_word' id='word_1_35' title='bbox 1765 913 1828 976; x_wconf 88' lang='lat' dir='ltr'><strong>Sci·</strong></span> 
     </span>
     <span class='ocr_line' id='line_1_5' title="bbox 384 1007 1828 1102; baseline 0.003 -26"><span class='ocrx_word' id='word_1_36' title='bbox 384 1027 385 1030; x_wconf 76' lang='grc'>’</span> <span class='ocrx_word' id='word_1_37' title='bbox 423 1007 619 1098; x_wconf 57' lang='grc' dir='ltr'><strong>ρὶοηοῗῦοεσ.</strong></span> <span class='ocrx_word' id='word_1_38' title='bbox 641 1032 710 1076; x_wconf 89' lang='lat' dir='ltr'><strong>cum</strong></span> <span class='ocrx_word' id='word_1_39' title='bbox 740 1033 774 1077; x_wconf 82' lang='lat' dir='ltr'><strong>ex</strong></span> <span class='ocrx_word' id='word_1_40' title='bbox 800 1015 865 1076; x_wconf 79' lang='lat' dir='ltr'><strong>dria</strong></span> <span class='ocrx_word' id='word_1_41' title='bbox 883 1017 964 1097; x_wconf 71' lang='lat' dir='ltr'><strong>Sylla</strong></span> <span class='ocrx_word' id='word_1_42' title='bbox 984 1017 1236 1077; x_wconf 69' lang='lat' dir='ltr'><strong>contra²Marium</strong></span> <span class='ocrx_word' id='word_1_43' title='bbox 1257 1027 1346 1098; x_wconf 87' lang='lat' dir='ltr'><strong>atque</strong></span> <span class='ocrx_word' id='word_1_44' title='bbox 1374 1018 1533 1077; x_wconf 83' lang='lat' dir='ltr'><strong>factionem</strong></span> <span class='ocrx_word' id='word_1_45' title='bbox 1554 1021 1668 1079; x_wconf 80' lang='lat' dir='ltr'><strong>reniret</strong></span> <span class='ocrx_word' id='word_1_46' title='bbox 1684 1011 1828 1102; x_wconf 73' lang='lat' dir='ltr'><strong>infestu‘s,</strong></span> 
     </span>
     <span class='ocr_line' id='line_1_6' title="bbox 425 1122 1830 1204; baseline 0.002 -22"><span class='ocrx_word' id='word_1_47' title='bbox 425 1125 533 1182; x_wconf 90' lang='lat' dir='ltr'><strong>timens</strong></span> <span class='ocrx_word' id='word_1_48' title='bbox 553 1132 671 1183; x_wconf 89' lang='lat' dir='ltr'><strong>senatus</strong></span> <span class='ocrx_word' id='word_1_49' title='bbox 691 1125 779 1196; x_wconf 87' lang='lat' dir='ltr'><strong>iram,</strong></span> <span class='ocrx_word' id='word_1_50' title='bbox 800 1143 839 1184; x_wconf 92' lang='lat' dir='ltr'><strong>ne</strong></span> <span class='ocrx_word' id='word_1_51' title='bbox 860 1128 941 1184; x_wconf 88' lang='lat' dir='ltr'><strong>malo</strong></span> <span class='ocrx_word' id='word_1_52' title='bbox 960 1125 1083 1204; x_wconf 88' lang='lat' dir='ltr'><strong>publico</strong></span> <span class='ocrx_word' id='word_1_53' title='bbox 1103 1125 1267 1184; x_wconf 88' lang='lat' dir='ltr'><strong>certamina</strong></span> <span class='ocrx_word' id='word_1_54' title='bbox 1285 1125 1364 1183; x_wconf 91' lang='lat' dir='ltr'><strong>inter</strong></span> <span class='ocrx_word' id='word_1_55' title='bbox 1384 1122 1472 1184; x_wconf 91' lang='lat' dir='ltr'><strong>duces</strong></span> <span class='ocrx_word' id='word_1_56' title='bbox 1493 1123 1652 1198; x_wconf 79' lang='lat' dir='ltr'>orirentur,</span> <span class='ocrx_word' id='word_1_57' title='bbox 1672 1127 1775 1184; x_wconf 78' lang='lat' dir='ltr'><strong>statuit</strong></span> <span class='ocrx_word' id='word_1_58' title='bbox 1794 1136 1830 1184; x_wconf 91' lang='lat' dir='ltr'><strong>ut</strong></span> 
     </span>
     <span class='ocr_line' id='line_1_7' title="bbox 424 1229 1829 1311; baseline 0.001 -23"><span class='ocrx_word' id='word_1_59' title='bbox 424 1237 561 1288; x_wconf 91' lang='lat' dir='ltr'><strong>curarent</strong></span> <span class='ocrx_word' id='word_1_60' title='bbox 586 1231 740 1311; x_wconf 87' lang='lat' dir='ltr'><strong>consules,</strong></span> <span class='ocrx_word' id='word_1_61' title='bbox 769 1249 806 1310; x_wconf 81' lang='lat' dir='ltr'><strong>ne</strong></span> <span class='ocrx_word' id='word_1_62' title='bbox 825 1229 864 1292; x_wconf 88' lang='lat' dir='ltr'><strong>R.</strong></span> <span class='ocrx_word' id='word_1_63' title='bbox 884 1229 914 1294; x_wconf 87' lang='lat' dir='ltr'><strong>P.</strong></span> <span class='ocrx_word' id='word_1_64' title='bbox 934 1231 1090 1310; x_wconf 51' lang='lat' dir='ltr'><strong>acciperet¹</strong></span> <span class='ocrx_word' id='word_1_65' title='bbox 1102 1230 1324 1291; x_wconf 89' lang='lat' dir='ltr'><strong>detrimentum.</strong></span> <span class='ocrx_word' id='word_1_66' title='bbox 1346 1229 1412 1288; x_wconf 92' lang='lat' dir='ltr'><strong>Hoc</strong></span> <span class='ocrx_word' id='word_1_67' title='bbox 1438 1233 1539 1308; x_wconf 90' lang='lat' dir='ltr'><strong>itaque</strong></span> <span class='ocrx_word' id='word_1_68' title='bbox 1557 1237 1672 1288; x_wconf 87' lang='lat' dir='ltr'><strong>senatus</strong></span> <span class='ocrx_word' id='word_1_69' title='bbox 1691 1233 1829 1290; x_wconf 90' lang='lat' dir='ltr'><strong>consulto</strong></span> 
     </span>
     <span class='ocr_line' id='line_1_8' title="bbox 423 1333 1829 1417; baseline 0.001 -25"><span class='ocrx_word' id='word_1_70' title='bbox 423 1333 542 1393; x_wconf 84' lang='lat' dir='ltr'><strong>excitati</strong></span> <span class='ocrx_word' id='word_1_71' title='bbox 577 1336 727 1407; x_wconf 85' lang='lat' dir='ltr'><strong>consules,</strong></span> <span class='ocrx_word' id='word_1_72' title='bbox 755 1345 860 1395; x_wconf 87' lang='lat' dir='ltr'><strong>contra</strong></span> <span class='ocrx_word' id='word_1_73' title='bbox 888 1337 1054 1399; x_wconf 77' lang='lat' dir='ltr'><strong>venientem</strong></span> <span class='ocrx_word' id='word_1_74' title='bbox 1081 1336 1191 1417; x_wconf 78' lang='lat' dir='ltr'><strong>Syllam</strong></span> <span class='ocrx_word' id='word_1_75' title='bbox 1220 1345 1309 1417; x_wconf 85' lang='lat' dir='ltr'><strong>atque</strong></span> <span class='ocrx_word' id='word_1_76' title='bbox 1330 1334 1469 1397; x_wconf 92' lang='lat' dir='ltr'><strong>omnibus</strong></span> <span class='ocrx_word' id='word_1_77' title='bbox 1489 1335 1609 1394; x_wconf 82' lang='lat' dir='ltr'><strong>exitium</strong></span> <span class='ocrx_word' id='word_1_78' title='bbox 1639 1335 1829 1394; x_wconf 77' lang='lat' dir='ltr'><strong>minitantem</strong></span> 
     </span>
     <span class='ocr_line' id='line_1_9' title="bbox 424 1435 1831 1523; baseline 0.001 -25"><span class='ocrx_word' id='word_1_79' title='bbox 424 1435 558 1517; x_wconf 78' lang='lat' dir='ltr'><strong>pr&#39;aesidia</strong></span> <span class='ocrx_word' id='word_1_80' title='bbox 577 1438 634 1498; x_wconf 91' lang='lat' dir='ltr'><strong>sibi</strong></span> <span class='ocrx_word' id='word_1_81' title='bbox 650 1445 793 1520; x_wconf 90' lang='lat' dir='ltr'><strong>cujusque</strong></span> <span class='ocrx_word' id='word_1_82' title='bbox 812 1443 925 1523; x_wconf 89' lang='lat' dir='ltr'><strong>generis</strong></span> <span class='ocrx_word' id='word_1_83' title='bbox 941 1461 1046 1522; x_wconf 87' lang='lat' dir='ltr'><strong>parare</strong></span> <span class='ocrx_word' id='word_1_84' title='bbox 1069 1450 1241 1522; x_wconf 69' lang='lat' dir='ltr'><strong>coeperunt,</strong></span> <span class='ocrx_word' id='word_1_85' title='bbox 1263 1450 1293 1502; x_wconf 86' lang='lat' dir='ltr'><strong>et</strong></span> <span class='ocrx_word' id='word_1_86' title='bbox 1312 1438 1401 1500; x_wconf 89' lang='lat' dir='ltr'><strong>duces</strong></span> <span class='ocrx_word' id='word_1_87' title='bbox 1419 1440 1553 1514; x_wconf 90' lang='lat' dir='ltr'><strong>idoneos,</strong></span> <span class='ocrx_word' id='word_1_88' title='bbox 1568 1437 1607 1498; x_wconf 92' lang='lat' dir='ltr'><strong>ad</strong></span> <span class='ocrx_word' id='word_1_89' title='bbox 1630 1459 1762 1520; x_wconf 66' lang='lat' dir='ltr'><strong>quornm,</strong></span> <span class='ocrx_word' id='word_1_90' title='bbox 1778 1439 1831 1499; x_wconf 86' lang='lat' dir='ltr'><strong>ln·</strong></span> 
     </span>
     <span class='ocr_line' id='line_1_10' title="bbox 424 1541 1830 1628; baseline 0.004 -27"><span class='ocrx_word' id='word_1_91' title='bbox 424 1541 569 1603; x_wconf 87' lang='lat' dir='ltr'><strong>dustriam</strong></span> <span class='ocrx_word' id='word_1_92' title='bbox 587 1545 747 1624; x_wconf 79' lang='lat' dir='ltr'><strong>pertineret</strong></span> <span class='ocrx_word' id='word_1_93' title='bbox 767 1566 838 1607; x_wconf 88' lang='lat' dir='ltr'><strong>cura</strong></span> <span class='ocrx_word' id='word_1_94' title='bbox 857 1545 1015 1606; x_wconf 91' lang='lat' dir='ltr'><strong>bellorum.</strong></span> <span class='ocrx_word' id='word_1_95' title='bbox 1046 1546 1084 1604; x_wconf 94' lang='lat' dir='ltr'><strong>In</strong></span> <span class='ocrx_word' id='word_1_96' title='bbox 1105 1547 1171 1627; x_wconf 88' lang='lat' dir='ltr'><strong>quis</strong></span> <span class='ocrx_word' id='word_1_97' title='bbox 1192 1549 1304 1628; x_wconf 90' lang='lat' dir='ltr'><strong>elegere</strong></span> <span class='ocrx_word' id='word_1_98' title='bbox 1322 1547 1495 1606; x_wconf 88' lang='lat' dir='ltr'><strong>Sertorium.</strong></span> <span class='ocrx_word' id='word_1_99' title='bbox 1526 1547 1629 1605; x_wconf 90' lang='lat' dir='ltr'><strong>Parato</strong></span> <span class='ocrx_word' id='word_1_100' title='bbox 1649 1543 1830 1607; x_wconf 84' lang='lat' dir='ltr'><strong>validissimo</strong></span> 
     </span>
     <span class='ocr_line' id='line_1_11' title="bbox 423 1645 1833 1732; baseline 0.001 -24"><span class='ocrx_word' id='word_1_101' title='bbox 423 1645 554 1708; x_wconf 82' lang='lat' dir='ltr'><strong>exercitu</strong></span> <span class='ocrx_word' id='word_1_102' title='bbox 575 1668 741 1730; x_wconf 90' lang='lat' dir='ltr'><strong>processere</strong></span> <span class='ocrx_word' id='word_1_103' title='bbox 762 1661 812 1727; x_wconf 91' lang='lat' dir='ltr'><strong>et,</strong></span> <span class='ocrx_word' id='word_1_104' title='bbox 831 1662 948 1715; x_wconf 80' lang='lat' dir='ltr'><strong>vetante</strong></span> <span class='ocrx_word' id='word_1_105' title='bbox 967 1652 1116 1732; x_wconf 90' lang='lat' dir='ltr'><strong>Sertorio,</strong></span> <span class='ocrx_word' id='word_1_106' title='bbox 1137 1653 1290 1732; x_wconf 88' lang='lat' dir='ltr'><strong>colloquia</strong></span> <span class='ocrx_word' id='word_1_107' title='bbox 1310 1655 1447 1712; x_wconf 91' lang='lat' dir='ltr'><strong>eonsules</strong></span> <span class='ocrx_word' id='word_1_108' title='bbox 1467 1655 1664 1732; x_wconf 84' lang='lat' dir='ltr'><strong>permiserunt</strong></span> <span class='ocrx_word' id='word_1_109' title='bbox 1682 1653 1762 1723; x_wconf 84' lang='lat' dir='ltr'><strong>inter</strong></span> <span class='ocrx_word' id='word_1_110' title='bbox 1780 1671 1833 1710; x_wconf 89' lang='lat' dir='ltr'><strong>su-</strong></span> 
     </span>
     <span class='ocr_line' id='line_1_12' title="bbox 395 1741 1849 1838; baseline 0 -24"><span class='ocrx_word' id='word_1_111' title='bbox 395 1765 400 1781; x_wconf 67' lang='lat'>¹</span> <span class='ocrx_word' id='word_1_112' title='bbox 423 1771 475 1814; x_wconf 86' lang='lat' dir='ltr'><strong>um</strong></span> <span class='ocrx_word' id='word_1_113' title='bbox 500 1767 530 1816; x_wconf 92' lang='lat' dir='ltr'><strong>et</strong></span> <span class='ocrx_word' id='word_1_114' title='bbox 549 1755 634 1836; x_wconf 62' lang='lat' dir='ltr'><strong>Syllae</strong></span> <span class='ocrx_word' id='word_1_115' title='bbox 654 1759 832 1832; x_wconf 85' lang='lat' dir='ltr'><strong>exercitum,</strong></span> <span class='ocrx_word' id='word_1_116' title='bbox 862 1768 892 1820; x_wconf 89' lang='lat' dir='ltr'><strong>et</strong></span> <span class='ocrx_word' id='word_1_117' title='bbox 907 1741 989 1818; x_wconf 78' lang='lat' dir='ltr'><strong>iacta</strong></span> <span class='ocrx_word' id='word_1_118' title='bbox 1009 1756 1141 1838; x_wconf 86' lang='lat' dir='ltr'><strong>proditio</strong></span> <span class='ocrx_word' id='word_1_119' title='bbox 1159 1768 1222 1832; x_wconf 89' lang='lat' dir='ltr'><strong>est,</strong></span> <span class='ocrx_word' id='word_1_120' title='bbox 1251 1759 1409 1838; x_wconf 87' lang='lat' dir='ltr'><strong>omnisque</strong></span> <span class='ocrx_word' id='word_1_121' title='bbox 1430 1761 1570 1818; x_wconf 88' lang='lat' dir='ltr'><strong>exercitus</strong></span> <span class='ocrx_word' id='word_1_122' title='bbox 1591 1757 1675 1838; x_wconf 71' lang='lat' dir='ltr'><strong>sylla</strong></span> <span class='ocrx_word' id='word_1_123' title='bbox 1695 1756 1849 1818; x_wconf 59' lang='lat' dir='ltr'><strong>traditur:</strong></span> 
     </span>
     <span class='ocr_line' id='line_1_13' title="bbox 422 1848 1832 1942; baseline 0.002 -27"><span class='ocrx_word' id='word_1_124' title='bbox 422 1859 515 1934; x_wconf 70' lang='lat' dir='ltr'><strong>Tunc,</strong></span> <span class='ocrx_word' id='word_1_125' title='bbox 534 1864 683 1938; x_wconf 59' lang='lat' dir='ltr'><strong>sertorius</strong></span> <span class='ocrx_word' id='word_1_126' title='bbox 709 1848 985 1931; x_wconf 59' lang='lat' dir='ltr'><strong>destitutumque</strong></span> <span class='ocrx_word' id='word_1_127' title='bbox 1007 1863 1094 1910; x_wconf 78' lang='lat' dir='ltr'><strong>omni</strong></span> <span class='ocrx_word' id='word_1_128' title='bbox 1115 1861 1271 1930; x_wconf 64' lang='lat' dir='ltr'><strong>sepiarum</strong></span> <span class='ocrx_word' id='word_1_129' title='bbox 1302 1860 1432 1920; x_wconf 89' lang='lat' dir='ltr'><strong>nudatus</strong></span> <span class='ocrx_word' id='word_1_130' title='bbox 1463 1863 1592 1942; x_wconf 83' lang='lat' dir='ltr'><strong>auxilio,</strong></span> <span class='ocrx_word' id='word_1_131' title='bbox 1621 1864 1654 1920; x_wconf 90' lang='lat' dir='ltr'><strong>in</strong></span> <span class='ocrx_word' id='word_1_132' title='bbox 1682 1861 1832 1922; x_wconf 86' lang='lat' dir='ltr'><strong>Etruriam</strong></span> 
     </span>
     <span class='ocr_line' id='line_1_14' title="bbox 423 1955 1833 2042; baseline -0.011 -19"><span class='ocrx_word' id='word_1_133' title='bbox 423 1960 578 2042; x_wconf 87' lang='lat' dir='ltr'><strong>confugit,</strong></span> <span class='ocrx_word' id='word_1_134' title='bbox 596 1958 671 2017; x_wconf 89' lang='lat' dir='ltr'><strong>iram</strong></span> <span class='ocrx_word' id='word_1_135' title='bbox 691 1967 826 2016; x_wconf 90' lang='lat' dir='ltr'><strong>metuens</strong></span> <span class='ocrx_word' id='word_1_136' title='bbox 844 1955 932 2014; x_wconf 87' lang='lat' dir='ltr'><strong>Sullae</strong></span> <span class='ocrx_word' id='word_1_137' title='bbox 948 1973 987 2014; x_wconf 87' lang='lat' dir='ltr'><strong>ne</strong></span> <span class='ocrx_word' id='word_1_138' title='bbox 1010 1955 1136 2036; x_wconf 80' lang='lat' dir='ltr'><strong>exigeret</strong></span> <span class='ocrx_word' id='word_1_139' title='bbox 1155 1973 1273 2036; x_wconf 85' lang='lat' dir='ltr'><strong>gravem</strong></span> <span class='ocrx_word' id='word_1_140' title='bbox 1297 1967 1382 2036; x_wconf 85' lang='lat' dir='ltr'><strong>quast</strong></span> <span class='ocrx_word' id='word_1_141' title='bbox 1400 1965 1438 2017; x_wconf 77' lang='lat' dir='ltr'><strong>de</strong></span> <span class='ocrx_word' id='word_1_142' title='bbox 1454 1977 1592 2036; x_wconf 76' lang='lat' dir='ltr'><strong>snperato</strong></span> <span class='ocrx_word' id='word_1_143' title='bbox 1609 1964 1694 2032; x_wconf 83' lang='lat' dir='ltr'><strong>hoste</strong></span> <span class='ocrx_word' id='word_1_144' title='bbox 1714 1962 1833 2027; x_wconf 70' lang='lat' dir='ltr'><strong>vindic.</strong></span> 
     </span>
     <span class='ocr_line' id='line_1_15' title="bbox 423 2059 1830 2148; baseline -0.003 -20"><span class='ocrx_word' id='word_1_145' title='bbox 423 2077 495 2128; x_wconf 85' lang='lat' dir='ltr'><strong>tam.</strong></span> <span class='ocrx_word' id='word_1_146' title='bbox 536 2063 606 2125; x_wconf 86' lang='lat' dir='ltr'><strong>Erat</strong></span> <span class='ocrx_word' id='word_1_147' title='bbox 620 2070 718 2148; x_wconf 83' lang='lat' dir='ltr'><strong>antem</strong></span> <span class='ocrx_word' id='word_1_148' title='bbox 738 2061 794 2142; x_wconf 88' lang='lat' dir='ltr'><strong>(in)</strong></span> <span class='ocrx_word' id='word_1_149' title='bbox 816 2059 931 2120; x_wconf 83' lang='lat' dir='ltr'><strong>Etruria</strong></span> <span class='ocrx_word' id='word_1_150' title='bbox 950 2060 1096 2121; x_wconf 85' lang='lat' dir='ltr'><strong>fidissima</strong></span> <span class='ocrx_word' id='word_1_151' title='bbox 1114 2060 1247 2140; x_wconf 87' lang='lat' dir='ltr'><strong>partibus</strong></span> <span class='ocrx_word' id='word_1_152' title='bbox 1269 2061 1425 2142; x_wconf 65' lang='lat' dir='ltr'><strong>Marianis,</strong></span> <span class='ocrx_word' id='word_1_153' title='bbox 1446 2063 1498 2142; x_wconf 91' lang='lat' dir='ltr'><strong>qui</strong></span> <span class='ocrx_word' id='word_1_154' title='bbox 1517 2061 1556 2120; x_wconf 92' lang='lat' dir='ltr'><strong>ab</strong></span> <span class='ocrx_word' id='word_1_155' title='bbox 1577 2061 1647 2142; x_wconf 90' lang='lat' dir='ltr'><strong>ipsis</strong></span> <span class='ocrx_word' id='word_1_156' title='bbox 1665 2061 1830 2124; x_wconf 89' lang='lat' dir='ltr'><strong>Romanam</strong></span> 
     </span>
     <span class='ocr_line' id='line_1_16' title="bbox 423 2165 1833 2254; baseline -0.001 -23"><span class='ocrx_word' id='word_1_157' title='bbox 423 2191 514 2254; x_wconf 86' lang='lat' dir='ltr'><strong>quam</strong></span> <span class='ocrx_word' id='word_1_158' title='bbox 542 2179 629 2230; x_wconf 88' lang='lat' dir='ltr'><strong>antea</strong></span> <span class='ocrx_word' id='word_1_159' title='bbox 655 2186 719 2230; x_wconf 92' lang='lat' dir='ltr'><strong>non</strong></span> <span class='ocrx_word' id='word_1_160' title='bbox 751 2165 921 2244; x_wconf 89' lang='lat' dir='ltr'><strong>habebant,</strong></span> <span class='ocrx_word' id='word_1_161' title='bbox 941 2176 1115 2247; x_wconf 82' lang='lat' dir='ltr'><strong>acceperant</strong></span> <span class='ocrx_word' id='word_1_162' title='bbox 1141 2167 1299 2228; x_wconf 87' lang='lat' dir='ltr'><strong>ciuitatem.</strong></span> <span class='ocrx_word' id='word_1_163' title='bbox 1340 2167 1490 2228; x_wconf 76' lang='lat' dir='ltr'><strong>Timentes</strong></span> <span class='ocrx_word' id='word_1_164' title='bbox 1522 2168 1613 2249; x_wconf 90' lang='lat' dir='ltr'><strong>igitur</strong></span> <span class='ocrx_word' id='word_1_165' title='bbox 1632 2167 1768 2244; x_wconf 87' lang='lat' dir='ltr'><strong>Etrusci,</strong></span> <span class='ocrx_word' id='word_1_166' title='bbox 1794 2189 1833 2229; x_wconf 88' lang='lat' dir='ltr'><strong>ne</strong></span> 
     </span>
     <span class='ocr_line' id='line_1_17' title="bbox 388 2271 1833 2355; baseline -0.005 -16"><span class='ocrx_word' id='word_1_167' title='bbox 388 2337 391 2339; x_wconf 84' lang='lat'>.</span> <span class='ocrx_word' id='word_1_168' title='bbox 422 2277 604 2339; x_wconf 87' lang='lat' dir='ltr'><strong>beneficium</strong></span> <span class='ocrx_word' id='word_1_169' title='bbox 630 2286 718 2335; x_wconf 87' lang='lat' dir='ltr'><strong>tantae</strong></span> <span class='ocrx_word' id='word_1_170' title='bbox 738 2271 891 2355; x_wconf 87' lang='lat' dir='ltr'><strong>dignitatis</strong></span> <span class='ocrx_word' id='word_1_171' title='bbox 918 2273 1096 2334; x_wconf 80' lang='lat' dir='ltr'><strong>aMerianis</strong></span> <span class='ocrx_word' id='word_1_172' title='bbox 1119 2278 1274 2352; x_wconf 79' lang='lat' dir='ltr'><strong>acceptum</strong></span> <span class='ocrx_word' id='word_1_173' title='bbox 1289 2273 1376 2354; x_wconf 72' lang='lat' dir='ltr'><strong>Sylla</strong></span> <span class='ocrx_word' id='word_1_174' title='bbox 1396 2282 1560 2348; x_wconf 82' lang='lat' dir='ltr'><strong>revocaret,</strong></span> <span class='ocrx_word' id='word_1_175' title='bbox 1583 2277 1609 2332; x_wconf 86' lang='lat' dir='ltr'><strong>si</strong></span> <span class='ocrx_word' id='word_1_176' title='bbox 1625 2273 1748 2335; x_wconf 80' lang='lat' dir='ltr'><strong>adversae</strong></span> <span class='ocrx_word' id='word_1_177' title='bbox 1761 2293 1833 2355; x_wconf 89' lang='lat' dir='ltr'><strong>par·</strong></span> 
     </span>
     <span class='ocr_line' id='line_1_18' title="bbox 423 2375 1833 2466; baseline -0.004 -22"><span class='ocrx_word' id='word_1_178' title='bbox 423 2393 467 2446; x_wconf 89' lang='lat' dir='ltr'><strong>tes</strong></span> <span class='ocrx_word' id='word_1_179' title='bbox 488 2393 583 2444; x_wconf 85' lang='lat' dir='ltr'><strong>essent</strong></span> <span class='ocrx_word' id='word_1_180' title='bbox 604 2390 773 2466; x_wconf 75' lang='lat' dir='ltr'><strong>amputate,</strong></span> <span class='ocrx_word' id='word_1_181' title='bbox 797 2381 918 2462; x_wconf 85' lang='lat' dir='ltr'><strong>penitus</strong></span> <span class='ocrx_word' id='word_1_182' title='bbox 937 2381 976 2439; x_wconf 93' lang='lat' dir='ltr'><strong>ad</strong></span> <span class='ocrx_word' id='word_1_183' title='bbox 996 2381 1160 2440; x_wconf 91' lang='lat' dir='ltr'><strong>Sertorium</strong></span> <span class='ocrx_word' id='word_1_184' title='bbox 1181 2401 1211 2440; x_wconf 88' lang='lat' dir='ltr'><strong>se</strong></span> <span class='ocrx_word' id='word_1_185' title='bbox 1228 2389 1317 2461; x_wconf 85' lang='lat' dir='ltr'><strong>atque</strong></span> <span class='ocrx_word' id='word_1_186' title='bbox 1339 2380 1413 2440; x_wconf 89' lang='lat' dir='ltr'><strong>alios</strong></span> <span class='ocrx_word' id='word_1_187' title='bbox 1435 2375 1565 2458; x_wconf 80' lang='lat' dir='ltr'><strong>ejusdem</strong></span> <span class='ocrx_word' id='word_1_188' title='bbox 1587 2379 1724 2439; x_wconf 80' lang='lat' dir='ltr'><strong>factionis</strong></span> <span class='ocrx_word' id='word_1_189' title='bbox 1744 2378 1833 2442; x_wconf 88' lang='lat' dir='ltr'><strong>duces</strong></span> 
     </span>
     <span class='ocr_line' id='line_1_19' title="bbox 422 2485 1832 2571; baseline -0.004 -23"><span class='ocrx_word' id='word_1_190' title='bbox 422 2492 630 2571; x_wconf 86' lang='lat' dir='ltr'><strong>applicarunt,</strong></span> <span class='ocrx_word' id='word_1_191' title='bbox 650 2489 771 2560; x_wconf 90' lang='lat' dir='ltr'><strong>omnia,</strong></span> <span class='ocrx_word' id='word_1_192' title='bbox 793 2508 857 2568; x_wconf 88' lang='lat' dir='ltr'><strong>quae</strong></span> <span class='ocrx_word' id='word_1_193' title='bbox 879 2488 1112 2568; x_wconf 87' lang='lat' dir='ltr'><strong>imperarentur,</strong></span> <span class='ocrx_word' id='word_1_194' title='bbox 1133 2486 1198 2546; x_wconf 89' lang='lat' dir='ltr'><strong>sine</strong></span> <span class='ocrx_word' id='word_1_195' title='bbox 1220 2486 1404 2546; x_wconf 89' lang='lat' dir='ltr'><strong>recusatione</strong></span> <span class='ocrx_word' id='word_1_196' title='bbox 1425 2487 1632 2566; x_wconf 87' lang='lat' dir='ltr'><strong>promittentes</strong></span> <span class='ocrx_word' id='word_1_197' title='bbox 1655 2504 1713 2544; x_wconf 87' lang='lat' dir='ltr'><strong>esse</strong></span> <span class='ocrx_word' id='word_1_198' title='bbox 1733 2485 1832 2543; x_wconf 71' lang='lat' dir='ltr'><strong>iectu-</strong></span> 
     </span>
     <span class='ocr_line' id='line_1_20' title="bbox 421 2589 1833 2678; baseline -0.006 -24"><span class='ocrx_word' id='word_1_199' title='bbox 421 2612 482 2658; x_wconf 88' lang='lat' dir='ltr'><strong>ros.</strong></span> <span class='ocrx_word' id='word_1_200' title='bbox 522 2593 629 2678; x_wconf 87' lang='lat' dir='ltr'><strong>Itaque</strong></span> <span class='ocrx_word' id='word_1_201' title='bbox 645 2596 757 2654; x_wconf 88' lang='lat' dir='ltr'><strong>factum</strong></span> <span class='ocrx_word' id='word_1_202' title='bbox 777 2603 835 2668; x_wconf 86' lang='lat' dir='ltr'><strong>est,</strong></span> <span class='ocrx_word' id='word_1_203' title='bbox 857 2604 892 2652; x_wconf 92' lang='lat' dir='ltr'><strong>nt</strong></span> <span class='ocrx_word' id='word_1_204' title='bbox 911 2613 1010 2651; x_wconf 89' lang='lat' dir='ltr'><strong>rursus</strong></span> <span class='ocrx_word' id='word_1_205' title='bbox 1029 2594 1216 2651; x_wconf 80' lang='lat' dir='ltr'><strong>firmissimus</strong></span> <span class='ocrx_word' id='word_1_206' title='bbox 1239 2591 1291 2651; x_wconf 86' lang='lat' dir='ltr'><strong>XL</strong></span> <span class='ocrx_word' id='word_1_207' title='bbox 1309 2589 1478 2652; x_wconf 88' lang='lat' dir='ltr'><strong>cohortium</strong></span> <span class='ocrx_word' id='word_1_208' title='bbox 1499 2601 1735 2670; x_wconf 88' lang='lat' dir='ltr'><strong>comportaretur</strong></span> <span class='ocrx_word' id='word_1_209' title='bbox 1753 2605 1833 2648; x_wconf 89' lang='lat' dir='ltr'><strong>exer·</strong></span> 
     </span>
     <span class='ocr_line' id='line_1_21' title="bbox 422 2691 1834 2784; baseline -0.006 -23"><span class='ocrx_word' id='word_1_210' title='bbox 422 2701 508 2762; x_wconf 85' lang='lat' dir='ltr'><strong>citus.</strong></span> <span class='ocrx_word' id='word_1_211' title='bbox 546 2699 623 2760; x_wconf 85' lang='lat' dir='ltr'><strong>Nem</strong></span> <span class='ocrx_word' id='word_1_212' title='bbox 641 2710 671 2760; x_wconf 92' lang='lat' dir='ltr'><strong>et</strong></span> <span class='ocrx_word' id='word_1_213' title='bbox 691 2698 780 2757; x_wconf 90' lang='lat' dir='ltr'><strong>multi</strong></span> <span class='ocrx_word' id='word_1_214' title='bbox 803 2698 913 2756; x_wconf 90' lang='lat' dir='ltr'><strong>milites</strong></span> <span class='ocrx_word' id='word_1_215' title='bbox 932 2698 985 2784; x_wconf 79' lang='lat' dir='ltr'><strong>qni</strong></span> <span class='ocrx_word' id='word_1_216' title='bbox 1005 2717 1035 2756; x_wconf 87' lang='lat' dir='ltr'><strong>ss</strong></span> <span class='ocrx_word' id='word_1_217' title='bbox 1060 2697 1193 2774; x_wconf 84' lang='lat' dir='ltr'><strong>venienti</strong></span> <span class='ocrx_word' id='word_1_218' title='bbox 1215 2700 1301 2778; x_wconf 77' lang='lat' dir='ltr'><strong>Syllae</strong></span> <span class='ocrx_word' id='word_1_219' title='bbox 1319 2696 1519 2772; x_wconf 86' lang='lat' dir='ltr'><strong>tradiderant,</strong></span> <span class='ocrx_word' id='word_1_220' title='bbox 1541 2697 1671 2756; x_wconf 85' lang='lat' dir='ltr'><strong>frustrati</strong></span> <span class='ocrx_word' id='word_1_221' title='bbox 1693 2691 1834 2754; x_wconf 90' lang='lat' dir='ltr'><strong>omnibus</strong></span> 
     </span>
     <span class='ocr_line' id='line_1_22' title="bbox 422 2801 1834 2886; baseline -0.003 -26"><span class='ocrx_word' id='word_1_222' title='bbox 422 2803 476 2874; x_wconf 84' lang='lat' dir='ltr'><strong>(ita</strong></span> <span class='ocrx_word' id='word_1_223' title='bbox 494 2805 718 2886; x_wconf 57' lang='lat' dir='ltr'><strong>conj.ssnmnf.</strong></span> <span class='ocrx_word' id='word_1_224' title='bbox 732 2808 766 2864; x_wconf 89' lang='lat' dir='ltr'><strong>in</strong></span> <span class='ocrx_word' id='word_1_225' title='bbox 785 2803 862 2863; x_wconf 91' lang='lat' dir='ltr'><strong>Cod.</strong></span> <span class='ocrx_word' id='word_1_226' title='bbox 881 2814 938 2862; x_wconf 86' lang='lat' dir='ltr'><strong>est:</strong></span> <span class='ocrx_word' id='word_1_227' title='bbox 952 2801 1182 2885; x_wconf 71' lang='lat' dir='ltr'><strong>frustrationes)</strong></span> <span class='ocrx_word' id='word_1_228' title='bbox 1196 2804 1235 2863; x_wconf 89' lang='lat' dir='ltr'><strong>ad</strong></span> <span class='ocrx_word' id='word_1_229' title='bbox 1254 2805 1388 2885; x_wconf 88' lang='lat' dir='ltr'><strong>priorum</strong></span> <span class='ocrx_word' id='word_1_230' title='bbox 1404 2801 1515 2864; x_wconf 85' lang='lat' dir='ltr'><strong>ducum</strong></span> <span class='ocrx_word' id='word_1_231' title='bbox 1540 2807 1834 2886; x_wconf 15' lang='lat' dir='ltr'><strong>castragreverterunt</strong></span> 
     </span>
    </p>
   </div>
   <div class='ocr_carea' id='block_1_3' title="bbox 422 2883 1840 3076">
    <p class='ocr_par' dir='ltr' id='par_1_3' title="bbox 422 2883 1840 3076">
     <span class='ocr_line' id='line_1_23' title="bbox 424 2883 1834 2992; baseline -0.001 -30"><span class='ocrx_word' id='word_1_232' title='bbox 424 2918 490 2981; x_wconf 78' lang='lat' dir='ltr'><strong>quae</strong></span> <span class='ocrx_word' id='word_1_233' title='bbox 506 2906 575 2955; x_wconf 72' lang='lat' dir='ltr'><strong>ante</strong></span> <span class='ocrx_word' id='word_1_234' title='bbox 598 2883 917 2975; x_wconf 59' lang='lat' dir='ltr'><strong>prOffiffffuffiffim·</strong></span> <span class='ocrx_word' id='word_1_235' title='bbox 930 2905 992 2978; x_wconf 71' lang='lat' dir='ltr'><strong>hsce</strong></span> <span class='ocrx_word' id='word_1_236' title='bbox 1014 2909 1083 2967; x_wconf 85' lang='lat' dir='ltr'><strong>facti</strong></span> <span class='ocrx_word' id='word_1_237' title='bbox 1102 2920 1172 2968; x_wconf 92' lang='lat' dir='ltr'><strong>sunt</strong></span> <span class='ocrx_word' id='word_1_238' title='bbox 1193 2909 1303 2969; x_wconf 85' lang='lat' dir='ltr'><strong>Marius</strong></span> <span class='ocrx_word' id='word_1_239' title='bbox 1327 2911 1434 2992; x_wconf 88' lang='lat' dir='ltr'><strong>septies</strong></span> <span class='ocrx_word' id='word_1_240' title='bbox 1463 2919 1492 2970; x_wconf 91' lang='lat' dir='ltr'><strong>et</strong></span> <span class='ocrx_word' id='word_1_241' title='bbox 1516 2907 1614 2968; x_wconf 89' lang='lat' dir='ltr'><strong>Carbo</strong></span> <span class='ocrx_word' id='word_1_242' title='bbox 1635 2909 1779 2968; x_wconf 89' lang='lat' dir='ltr'><strong>consules.</strong></span> <span class='ocrx_word' id='word_1_243' title='bbox 1802 2905 1834 2962; x_wconf 86' lang='lat'><strong>8.</strong></span> 
     </span>
     <span class='ocr_line' id='line_1_24' title="bbox 422 2992 1840 3076; baseline -0.002 -13"><span class='ocrx_word' id='word_1_244' title='bbox 422 3004 508 3063; x_wconf 91' lang='lat' dir='ltr'><strong>Tunc</strong></span> <span class='ocrx_word' id='word_1_245' title='bbox 526 3000 690 3071; x_wconf 88' lang='lat' dir='ltr'><strong>Sertorius,</strong></span> <span class='ocrx_word' id='word_1_246' title='bbox 710 2997 748 3055; x_wconf 82' lang='lat' dir='ltr'><strong>de</strong></span> <span class='ocrx_word' id='word_1_247' title='bbox 763 2994 849 3054; x_wconf 87' lang='lat' dir='ltr'><strong>Marii</strong></span> <span class='ocrx_word' id='word_1_248' title='bbox 870 3001 1014 3072; x_wconf 86' lang='lat' dir='ltr'><strong>potestate</strong></span> <span class='ocrx_word' id='word_1_249' title='bbox 1038 3011 1156 3051; x_wconf 87' lang='lat' dir='ltr'><strong>securus</strong></span> <span class='ocrx_word' id='word_1_250' title='bbox 1176 2992 1303 3051; x_wconf 84' lang='lat' dir='ltr'><strong>Romam</strong></span> <span class='ocrx_word' id='word_1_251' title='bbox 1321 3003 1404 3054; x_wconf 84' lang='lat' dir='ltr'><strong>venit</strong></span> <span class='ocrx_word' id='word_1_252' title='bbox 1425 3011 1454 3054; x_wconf 90' lang='lat' dir='ltr'><strong>et</strong></span> <span class='ocrx_word' id='word_1_253' title='bbox 1472 3015 1610 3054; x_wconf 88' lang='lat' dir='ltr'><strong>ommum</strong></span> <span class='ocrx_word' id='word_1_254' title='bbox 1631 3012 1724 3076; x_wconf 57' lang='lat' dir='ltr'><strong>eapse</strong></span> <span class='ocrx_word' id='word_1_255' title='bbox 1741 3026 1840 3061; x_wconf 72' lang='lat' dir='ltr'><strong>aeon-</strong></span> 
     </span>
    </p>
   </div>
   <div class='ocr_carea' id='block_1_4' title="bbox 421 3097 1834 3282">
    <p class='ocr_par' dir='ltr' id='par_1_4' title="bbox 421 3097 1834 3282">
     <span class='ocr_line' id='line_1_25' title="bbox 421 3097 1834 3188; baseline -0.004 -19"><span class='ocrx_word' id='word_1_256' title='bbox 421 3128 484 3169; x_wconf 90' lang='lat' dir='ltr'><strong>sare</strong></span> <span class='ocrx_word' id='word_1_257' title='bbox 504 3107 677 3188; x_wconf 82' lang='lat' dir='ltr'><strong>segnitiem,</strong></span> <span class='ocrx_word' id='word_1_258' title='bbox 703 3111 734 3160; x_wconf 92' lang='lat' dir='ltr'><strong>et</strong></span> <span class='ocrx_word' id='word_1_259' title='bbox 759 3121 793 3160; x_wconf 86' lang='lat' dir='ltr'><strong>ex</strong></span> <span class='ocrx_word' id='word_1_260' title='bbox 824 3099 924 3156; x_wconf 91' lang='lat' dir='ltr'><strong>multis</strong></span> <span class='ocrx_word' id='word_1_261' title='bbox 944 3097 1173 3176; x_wconf 90' lang='lat' dir='ltr'><strong>promptissimis</strong></span> <span class='ocrx_word' id='word_1_262' title='bbox 1200 3099 1286 3158; x_wconf 85' lang='lat' dir='ltr'><strong>factis</strong></span> <span class='ocrx_word' id='word_1_263' title='bbox 1313 3099 1398 3177; x_wconf 73' lang='lat' dir='ltr'><strong>Syllae</strong></span> <span class='ocrx_word' id='word_1_264' title='bbox 1426 3099 1603 3160; x_wconf 86' lang='lat' dir='ltr'><strong>industriam</strong></span> <span class='ocrx_word' id='word_1_265' title='bbox 1634 3105 1834 3184; x_wconf 83' lang='lat' dir='ltr'><strong>virtutemque</strong></span> 
     </span>
     <span class='ocr_line' id='line_1_26' title="bbox 421 3202 1833 3282; baseline -0.004 -9"><span class='ocrx_word' id='word_1_266' title='bbox 421 3211 563 3282; x_wconf 69' lang='lat' dir='ltr'><strong>laudare,</strong></span> <span class='ocrx_word' id='word_1_267' title='bbox 584 3211 634 3268; x_wconf 91' lang='lat' dir='ltr'><strong>cui</strong></span> <span class='ocrx_word' id='word_1_268' title='bbox 655 3206 713 3266; x_wconf 87' lang='lat' dir='ltr'><strong>nisi</strong></span> <span class='ocrx_word' id='word_1_269' title='bbox 736 3203 855 3266; x_wconf 83' lang='lat' dir='ltr'><strong>obviam</strong></span> <span class='ocrx_word' id='word_1_270' title='bbox 882 3205 986 3282; x_wconf 87' lang='lat' dir='ltr'><strong>iretur,</strong></span> <span class='ocrx_word' id='word_1_271' title='bbox 1009 3213 1107 3262; x_wconf 87' lang='lat' dir='ltr'><strong>actum</strong></span> <span class='ocrx_word' id='word_1_272' title='bbox 1128 3209 1188 3281; x_wconf 90' lang='lat' dir='ltr'><strong>jam</strong></span> <span class='ocrx_word' id='word_1_273' title='bbox 1210 3225 1245 3262; x_wconf 90' lang='lat' dir='ltr'><strong>ac</strong></span> <span class='ocrx_word' id='word_1_274' title='bbox 1266 3202 1447 3262; x_wconf 92' lang='lat' dir='ltr'><strong>debellatum</strong></span> <span class='ocrx_word' id='word_1_275' title='bbox 1470 3206 1556 3265; x_wconf 85' lang='lat' dir='ltr'><strong>foret.</strong></span> <span class='ocrx_word' id='word_1_276' title='bbox 1597 3203 1674 3263; x_wconf 91' lang='lat' dir='ltr'><strong>Tum</strong></span> <span class='ocrx_word' id='word_1_277' title='bbox 1698 3212 1833 3268; x_wconf 85' lang='lat' dir='ltr'><strong>consules</strong></span> 
     </span>
    </p>
   </div>
   <div class='ocr_carea' id='block_1_5' title="bbox 422 3292 1831 3404">
    <p class='ocr_par' dir='ltr' id='par_1_5' title="bbox 422 3292 1831 3404">
     <span class='ocr_line' id='line_1_27' title="bbox 422 3292 1831 3404; baseline -0.001 -30"><span class='ocrx_word' id='word_1_278' title='bbox 422 3317 632 3404; x_wconf 88' lang='lat' dir='ltr'><strong>principesque</strong></span> <span class='ocrx_word' id='word_1_279' title='bbox 650 3311 702 3369; x_wconf 87' lang='lat' dir='ltr'><strong>alii</strong></span> <span class='ocrx_word' id='word_1_280' title='bbox 726 3292 880 3379; x_wconf 73' lang='lat' dir='ltr'><strong>factionis,</strong></span> <span class='ocrx_word' id='word_1_281' title='bbox 903 3318 986 3368; x_wconf 90' lang='lat' dir='ltr'><strong>tanto</strong></span> <span class='ocrx_word' id='word_1_282' title='bbox 1005 3307 1164 3370; x_wconf 82' lang='lat' dir='ltr'><strong>verborum</strong></span> <span class='ocrx_word' id='word_1_283' title='bbox 1187 3309 1319 3387; x_wconf 90' lang='lat' dir='ltr'><strong>pondere</strong></span> <span class='ocrx_word' id='word_1_284' title='bbox 1341 3309 1475 3390; x_wconf 85' lang='lat' dir='ltr'><strong>castigati</strong></span> <span class='ocrx_word' id='word_1_285' title='bbox 1498 3313 1557 3371; x_wconf 88' lang='lat' dir='ltr'><strong>sive</strong></span> <span class='ocrx_word' id='word_1_286' title='bbox 1577 3322 1611 3370; x_wconf 93' lang='lat' dir='ltr'><strong>ut</strong></span> <span class='ocrx_word' id='word_1_287' title='bbox 1629 3315 1769 3372; x_wconf 78' lang='lat' dir='ltr'><strong>aemulum</strong></span> <span class='ocrx_word' id='word_1_288' title='bbox 1795 3333 1831 3373; x_wconf 92' lang='lat' dir='ltr'><strong>ac</strong></span> 
     </span>
    </p>
   </div>
   <div class='ocr_carea' id='block_1_6' title="bbox 395 3413 1832 4338">
    <p class='ocr_par' dir='ltr' id='par_1_6' title="bbox 395 3413 1832 4338">
     <span class='ocr_line' id='line_1_28' title="bbox 423 3413 1832 3500; baseline 0 -22"><span class='ocrx_word' id='word_1_289' title='bbox 423 3417 628 3485; x_wconf 80' lang='lat' dir='ltr'><strong>vehementem</strong></span> <span class='ocrx_word' id='word_1_290' title='bbox 650 3417 838 3496; x_wconf 77' lang='lat' dir='ltr'><strong>negligentia</strong></span> <span class='ocrx_word' id='word_1_291' title='bbox 858 3424 1052 3472; x_wconf 85' lang='lat' dir='ltr'><strong>correctorem</strong></span> <span class='ocrx_word' id='word_1_292' title='bbox 1078 3413 1115 3470; x_wconf 95' lang='lat' dir='ltr'><strong>ab</strong></span> <span class='ocrx_word' id='word_1_293' title='bbox 1132 3415 1444 3500; x_wconf 80' lang='lat' dir='ltr'><strong>oculisremoverent,</strong></span> <span class='ocrx_word' id='word_1_294' title='bbox 1465 3416 1525 3476; x_wconf 82' lang='lat' dir='ltr'><strong>sive</strong></span> <span class='ocrx_word' id='word_1_295' title='bbox 1546 3427 1581 3474; x_wconf 93' lang='lat' dir='ltr'><strong>ut</strong></span> <span class='ocrx_word' id='word_1_296' title='bbox 1599 3417 1688 3476; x_wconf 80' lang='lat' dir='ltr'><strong>feroci</strong></span> <span class='ocrx_word' id='word_1_297' title='bbox 1707 3419 1832 3498; x_wconf 82' lang='lat' dir='ltr'><strong>provin·</strong></span> 
     </span>
     <span class='ocr_line' id='line_1_29' title="bbox 422 3517 1831 3602; baseline -0.001 -18"><span class='ocrx_word' id='word_1_298' title='bbox 422 3526 489 3597; x_wconf 78' lang='lat' dir='ltr'><strong>ciue,</strong></span> <span class='ocrx_word' id='word_1_299' title='bbox 511 3529 594 3602; x_wconf 91' lang='lat' dir='ltr'><strong>cujus</strong></span> <span class='ocrx_word' id='word_1_300' title='bbox 612 3521 819 3579; x_wconf 86' lang='lat' dir='ltr'><strong>infidelitatem</strong></span> <span class='ocrx_word' id='word_1_301' title='bbox 834 3517 995 3596; x_wconf 85' lang='lat' dir='ltr'><strong>timebant,</strong></span> <span class='ocrx_word' id='word_1_302' title='bbox 1016 3517 1158 3578; x_wconf 89' lang='lat' dir='ltr'><strong>idoneum</strong></span> <span class='ocrx_word' id='word_1_303' title='bbox 1179 3530 1383 3601; x_wconf 71' lang='lat' dir='ltr'><strong>preponerent</strong></span> <span class='ocrx_word' id='word_1_304' title='bbox 1402 3520 1524 3590; x_wconf 88' lang='lat' dir='ltr'><strong>ducem,</strong></span> <span class='ocrx_word' id='word_1_305' title='bbox 1542 3523 1650 3602; x_wconf 88' lang='lat' dir='ltr'><strong>misere</strong></span> <span class='ocrx_word' id='word_1_306' title='bbox 1664 3523 1696 3580; x_wconf 92' lang='lat' dir='ltr'><strong>in</strong></span> <span class='ocrx_word' id='word_1_307' title='bbox 1709 3524 1831 3583; x_wconf 86' lang='lat' dir='ltr'><strong>citerio-</strong></span> 
     </span>
     <span class='ocr_line' id='line_1_30' title="bbox 422 3604 1830 3706; baseline -0.004 -17"><span class='ocrx_word' id='word_1_308' title='bbox 422 3649 485 3690; x_wconf 87' lang='lat' dir='ltr'><strong>rem</strong></span> <span class='ocrx_word' id='word_1_309' title='bbox 516 3627 711 3706; x_wconf 69' lang='lat' dir='ltr'><strong>Hispaniam,</strong></span> <span class='ocrx_word' id='word_1_310' title='bbox 734 3637 822 3705; x_wconf 91' lang='lat' dir='ltr'><strong>atque</strong></span> <span class='ocrx_word' id='word_1_311' title='bbox 847 3626 874 3683; x_wconf 91' lang='lat' dir='ltr'><strong>ei</strong></span> <span class='ocrx_word' id='word_1_312' title='bbox 899 3604 1073 3684; x_wconf 88' lang='lat' dir='ltr'><strong>mandatum</strong></span> <span class='ocrx_word' id='word_1_313' title='bbox 1098 3635 1155 3700; x_wconf 88' lang='lat' dir='ltr'><strong>est,</strong></span> <span class='ocrx_word' id='word_1_314' title='bbox 1176 3637 1210 3686; x_wconf 91' lang='lat' dir='ltr'><strong>ut</strong></span> <span class='ocrx_word' id='word_1_315' title='bbox 1229 3629 1371 3686; x_wconf 88' lang='lat' dir='ltr'><strong>transiens</strong></span> <span class='ocrx_word' id='word_1_316' title='bbox 1395 3628 1491 3684; x_wconf 91' lang='lat' dir='ltr'><strong>resin</strong></span> <span class='ocrx_word' id='word_1_317' title='bbox 1514 3622 1613 3686; x_wconf 88' lang='lat' dir='ltr'><strong>Gallia</strong></span> <span class='ocrx_word' id='word_1_318' title='bbox 1637 3624 1830 3706; x_wconf 88' lang='lat' dir='ltr'><strong>Transalpina</strong></span> 
     </span>
     <span class='ocr_line' id='line_1_31' title="bbox 423 3729 1830 3815; baseline -0.004 -20"><span class='ocrx_word' id='word_1_319' title='bbox 423 3743 625 3815; x_wconf 88' lang='lat' dir='ltr'><strong>componeret.</strong></span> <span class='ocrx_word' id='word_1_320' title='bbox 666 3731 723 3788; x_wconf 89' lang='lat' dir='ltr'><strong>Sed</strong></span> <span class='ocrx_word' id='word_1_321' title='bbox 744 3731 840 3807; x_wconf 90' lang='lat' dir='ltr'><strong>ubiin</strong></span> <span class='ocrx_word' id='word_1_322' title='bbox 861 3731 1047 3810; x_wconf 86' lang='lat' dir='ltr'><strong>provinciam</strong></span> <span class='ocrx_word' id='word_1_323' title='bbox 1067 3731 1167 3804; x_wconf 82' lang='lat' dir='ltr'><strong>venit,</strong></span> <span class='ocrx_word' id='word_1_324' title='bbox 1188 3733 1229 3790; x_wconf 90' lang='lat' dir='ltr'><strong>ita</strong></span> <span class='ocrx_word' id='word_1_325' title='bbox 1251 3741 1367 3790; x_wconf 90' lang='lat' dir='ltr'><strong>strenue</strong></span> <span class='ocrx_word' id='word_1_326' title='bbox 1383 3729 1531 3788; x_wconf 89' lang='lat' dir='ltr'><strong>sociorum</strong></span> <span class='ocrx_word' id='word_1_327' title='bbox 1555 3731 1670 3790; x_wconf 88' lang='lat' dir='ltr'><strong>animos</strong></span> <span class='ocrx_word' id='word_1_328' title='bbox 1688 3737 1750 3810; x_wconf 86' lang='lat' dir='ltr'><strong>jam</strong></span> <span class='ocrx_word' id='word_1_329' title='bbox 1775 3730 1830 3791; x_wconf 88' lang='lat' dir='ltr'><strong>de-</strong></span> 
     </span>
     <span class='ocr_line' id='line_1_32' title="bbox 395 3821 1829 3916; baseline -0.003 -17"><span class='ocrx_word' id='word_1_330' title='bbox 395 3867 399 3876; x_wconf 51' lang='lat'><em>¹</em></span> <span class='ocrx_word' id='word_1_331' title='bbox 421 3839 554 3900; x_wconf 82' lang='lat' dir='ltr'><strong>ficientes</strong></span> <span class='ocrx_word' id='word_1_332' title='bbox 571 3848 659 3916; x_wconf 88' lang='lat' dir='ltr'><strong>atquc</strong></span> <span class='ocrx_word' id='word_1_333' title='bbox 670 3837 729 3894; x_wconf 88' lang='lat' dir='ltr'><strong>alia</strong></span> <span class='ocrx_word' id='word_1_334' title='bbox 740 3821 890 3916; x_wconf 85' lang='lat' dir='ltr'><strong>cupientes</strong></span> <span class='ocrx_word' id='word_1_335' title='bbox 905 3837 936 3892; x_wconf 88' lang='lat' dir='ltr'><strong>in</strong></span> <span class='ocrx_word' id='word_1_336' title='bbox 953 3836 1079 3894; x_wconf 77' lang='lat' dir='ltr'><strong>favorem</strong></span> <span class='ocrx_word' id='word_1_337' title='bbox 1092 3835 1221 3914; x_wconf 88' lang='lat' dir='ltr'><strong>partium</strong></span> <span class='ocrx_word' id='word_1_338' title='bbox 1234 3855 1353 3894; x_wconf 90' lang='lat' dir='ltr'><strong>suarum</strong></span> <span class='ocrx_word' id='word_1_339' title='bbox 1365 3832 1496 3894; x_wconf 89' lang='lat' dir='ltr'><strong>modeste</strong></span> <span class='ocrx_word' id='word_1_340' title='bbox 1509 3833 1620 3894; x_wconf 82' lang='lat' dir='ltr'><strong>tuendo</strong></span> <span class='ocrx_word' id='word_1_341' title='bbox 1638 3846 1725 3916; x_wconf 84' lang='lat' dir='ltr'><strong>atque</strong></span> <span class='ocrx_word' id='word_1_342' title='bbox 1739 3833 1829 3895; x_wconf 88' lang='lat' dir='ltr'><strong>blan-</strong></span> 
     </span>
     <span class='ocr_line' id='line_1_33' title="bbox 422 3939 1828 4022; baseline -0.001 -21"><span class='ocrx_word' id='word_1_343' title='bbox 422 3943 533 4004; x_wconf 88' lang='lat' dir='ltr'><strong>diendo</strong></span> <span class='ocrx_word' id='word_1_344' title='bbox 549 3941 702 4022; x_wconf 85' lang='lat' dir='ltr'><strong>perduxit,</strong></span> <span class='ocrx_word' id='word_1_345' title='bbox 724 3951 798 3999; x_wconf 91' lang='lat' dir='ltr'><strong>utet</strong></span> <span class='ocrx_word' id='word_1_346' title='bbox 813 3961 895 3999; x_wconf 90' lang='lat' dir='ltr'><strong>carus</strong></span> <span class='ocrx_word' id='word_1_347' title='bbox 908 3951 979 3999; x_wconf 88' lang='lat' dir='ltr'><strong>esset</strong></span> <span class='ocrx_word' id='word_1_348' title='bbox 989 3951 1017 3998; x_wconf 91' lang='lat' dir='ltr'><strong>et</strong></span> <span class='ocrx_word' id='word_1_349' title='bbox 1030 3951 1128 3998; x_wconf 91' lang='lat' dir='ltr'><strong>tamen</strong></span> <span class='ocrx_word' id='word_1_350' title='bbox 1145 3939 1183 3998; x_wconf 92' lang='lat' dir='ltr'><strong>ab</strong></span> <span class='ocrx_word' id='word_1_351' title='bbox 1197 3940 1336 4000; x_wconf 89' lang='lat' dir='ltr'><strong>omnibus</strong></span> <span class='ocrx_word' id='word_1_352' title='bbox 1354 3940 1515 4000; x_wconf 87' lang='lat' dir='ltr'><strong>timeretur.</strong></span> <span class='ocrx_word' id='word_1_353' title='bbox 1542 3941 1598 4000; x_wconf 86' lang='lat' dir='ltr'><strong>Sed</strong></span> <span class='ocrx_word' id='word_1_354' title='bbox 1613 3942 1645 3999; x_wconf 91' lang='lat' dir='ltr'><strong>in</strong></span> <span class='ocrx_word' id='word_1_355' title='bbox 1660 3941 1733 4002; x_wconf 93' lang='lat' dir='ltr'><strong>urbe</strong></span> <span class='ocrx_word' id='word_1_356' title='bbox 1750 3941 1828 4022; x_wconf 74' lang='lat' dir='ltr'><strong>sylla</strong></span> 
     </span>
     <span class='ocr_line' id='line_1_34' title="bbox 423 4045 1827 4126; baseline -0.002 -20"><span class='ocrx_word' id='word_1_357' title='bbox 423 4058 453 4106; x_wconf 92' lang='lat' dir='ltr'><strong>et</strong></span> <span class='ocrx_word' id='word_1_358' title='bbox 470 4049 581 4108; x_wconf 89' lang='lat' dir='ltr'><strong>Marius</strong></span> <span class='ocrx_word' id='word_1_359' title='bbox 598 4045 756 4106; x_wconf 81' lang='lat' dir='ltr'><strong>conflixere</strong></span> <span class='ocrx_word' id='word_1_360' title='bbox 779 4057 868 4124; x_wconf 86' lang='lat' dir='ltr'><strong>atque</strong></span> <span class='ocrx_word' id='word_1_361' title='bbox 886 4049 917 4104; x_wconf 91' lang='lat' dir='ltr'><strong>in</strong></span> <span class='ocrx_word' id='word_1_362' title='bbox 940 4047 1005 4124; x_wconf 92' lang='lat' dir='ltr'><strong>ipso</strong></span> <span class='ocrx_word' id='word_1_363' title='bbox 1030 4047 1189 4104; x_wconf 89' lang='lat' dir='ltr'><strong>certamine</strong></span> <span class='ocrx_word' id='word_1_364' title='bbox 1207 4048 1317 4105; x_wconf 90' lang='lat' dir='ltr'><strong>Marius</strong></span> <span class='ocrx_word' id='word_1_365' title='bbox 1333 4047 1528 4126; x_wconf 88' lang='lat' dir='ltr'><strong>interemptus</strong></span> <span class='ocrx_word' id='word_1_366' title='bbox 1550 4057 1610 4106; x_wconf 83' lang='lat' dir='ltr'><strong>est:</strong></span> <span class='ocrx_word' id='word_1_367' title='bbox 1632 4045 1729 4106; x_wconf 88' lang='lat' dir='ltr'><strong>Carbo</strong></span> <span class='ocrx_word' id='word_1_368' title='bbox 1756 4065 1827 4126; x_wconf 89' lang='lat' dir='ltr'><strong>per·</strong></span> 
     </span>
     <span class='ocr_line' id='line_1_35' title="bbox 424 4149 1828 4235; baseline 0.003 -24"><span class='ocrx_word' id='word_1_369' title='bbox 424 4151 494 4212; x_wconf 86' lang='lat' dir='ltr'><strong>ditis</strong></span> <span class='ocrx_word' id='word_1_370' title='bbox 516 4152 602 4212; x_wconf 89' lang='lat' dir='ltr'><strong>rebus</strong></span> <span class='ocrx_word' id='word_1_371' title='bbox 622 4155 747 4235; x_wconf 76' lang='lat' dir='ltr'><strong>aufugit.</strong></span> <span class='ocrx_word' id='word_1_372' title='bbox 788 4149 863 4210; x_wconf 88' lang='lat' dir='ltr'><strong>Tum</strong></span> <span class='ocrx_word' id='word_1_373' title='bbox 883 4151 1028 4212; x_wconf 89' lang='lat' dir='ltr'><strong>Sertorius</strong></span> <span class='ocrx_word' id='word_1_374' title='bbox 1051 4153 1215 4210; x_wconf 90' lang='lat' dir='ltr'><strong>commissis</strong></span> <span class='ocrx_word' id='word_1_375' title='bbox 1241 4163 1329 4230; x_wconf 90' lang='lat' dir='ltr'><strong>atque</strong></span> <span class='ocrx_word' id='word_1_376' title='bbox 1348 4151 1450 4212; x_wconf 89' lang='lat' dir='ltr'><strong>deletis</strong></span> <span class='ocrx_word' id='word_1_377' title='bbox 1468 4151 1610 4234; x_wconf 75' lang='lat' dir='ltr'><strong>partibus,</strong></span> <span class='ocrx_word' id='word_1_378' title='bbox 1631 4173 1703 4232; x_wconf 92' lang='lat' dir='ltr'><strong>quas</strong></span> <span class='ocrx_word' id='word_1_379' title='bbox 1725 4169 1828 4232; x_wconf 74' lang='lat' dir='ltr'><strong>seque-</strong></span> 
     </span>
     <span class='ocr_line' id='line_1_36' title="bbox 421 4253 1828 4338; baseline 0.001 -26"><span class='ocrx_word' id='word_1_380' title='bbox 421 4253 519 4330; x_wconf 89' lang='lat' dir='ltr'><strong>batur,</strong></span> <span class='ocrx_word' id='word_1_381' title='bbox 540 4259 688 4338; x_wconf 88' lang='lat' dir='ltr'><strong>optimnm</strong></span> <span class='ocrx_word' id='word_1_382' title='bbox 709 4259 866 4320; x_wconf 88' lang='lat' dir='ltr'><strong>consilium</strong></span> <span class='ocrx_word' id='word_1_383' title='bbox 890 4257 1011 4318; x_wconf 89' lang='lat' dir='ltr'><strong>credens</strong></span> <span class='ocrx_word' id='word_1_384' title='bbox 1035 4258 1190 4317; x_wconf 82' lang='lat' dir='ltr'><strong>exercitum</strong></span> <span class='ocrx_word' id='word_1_385' title='bbox 1210 4277 1272 4316; x_wconf 87' lang='lat' dir='ltr'><strong>non</strong></span> <span class='ocrx_word' id='word_1_386' title='bbox 1294 4259 1458 4334; x_wconf 89' lang='lat' dir='ltr'><strong>dimittere,</strong></span> <span class='ocrx_word' id='word_1_387' title='bbox 1479 4279 1517 4319; x_wconf 90' lang='lat' dir='ltr'><strong>ne</strong></span> <span class='ocrx_word' id='word_1_388' title='bbox 1537 4259 1666 4320; x_wconf 86' lang='lat' dir='ltr'><strong>nudatus</strong></span> <span class='ocrx_word' id='word_1_389' title='bbox 1681 4255 1828 4336; x_wconf 88' lang='lat' dir='ltr'><strong>supplicia</strong></span> 
     </span>
    </p>
   </div>
   <div class='ocr_carea' id='block_1_7' title="bbox 0 0 2172 5349">
    <p class='ocr_par' dir='ltr' id='par_1_7' title="bbox 0 0 2172 5349">
     <span class='ocr_line' id='line_1_37' title="bbox 0 0 2172 5349; baseline 0 0"><span class='ocrx_word' id='word_1_390' title='bbox 0 0 2172 5349; x_wconf 95' lang='lat' dir='ltr'><strong> </strong></span> 
     </span>
    </p>
   </div>
  </div>
 </body>
</html>
