4282 5390
1708 475 1754 570 tr

472 714 1635 840 nrsrouru'nuurnucuuurl.

951 919 1075 992 Lrn.
1116 921 1144 994 1.

429 1079 549 1144 Totius
569 1079 685 1166 operis
707 1078 849 1143 titulum
872 1084 969 1163 quod
991 1081 1134 1166 attinet,
1162 1084 1300 1148 'nullum
1323 1091 1373 1151 est
1391 1084 1540 1150 dubium
1564 1081 1761 1152 Historias

346 1188 442 1255 bunc
463 1185 595 1251 librum
622 1185 980 1272 luisse⁸inscriptum,
1006 1189 1045 1253 id
1069 1191 1165 1270 quod
1187 1209 1229 1254 cx
1247 1190 1442 1257 innumeris
1466 1199 1621 1258 veterum
1638 1193 1763 1256 Gram-

348 1292 553 1380 maticorum
573 1294 661 1359 locis
677 1291 898 1360 manifestum
916 1303 983 1375 est;
1003 1294 1134 1380 quippe
1148 1297 1212 1378 qui
1228 1296 1322 1362 idem
1343 1318 1474 1363 nomen
1496 1297 1655 1364 Catilinae
1675 1301 1762 1362 adeo

349 1407 383 1462 et
400 1401 579 1485 Jugurthae
594 1389 789 1487 imponunt.
811 1402 871 1467 cfr.
886 1403 1022 1468 Indices
1038 1405 1129 1469 Vett.
1150 1403 1302 1464 Gramm.
1318 1402 1357 1464 in
1376 1403 1529 1470 Fabricii
1546 1403 1762 1468 Bibliotheca

351 1503 473 1568 Latina
482 1505 559 1570 Vol.
572 1507 693 1570 HL-I.
702 1541 718 1556 -
738 1509 812 1572 Res
823 1507 959 1592 populi
971 1501 1143 1574 Romani.
1162 1509 1261 1582 ,Hoc
1272 1513 1386 1571 autem
1396 1509 1511 1591 primo
1523 1507 1765 1572 locohistoriae

249 1605 254 1612 ’
347 1609 463 1694 posui,
489 1613 584 1692 quod
614 1611 770 1678 Tiberius
799 1616 956 1678 Donatus
982 1612 1046 1676 sub
1077 1610 1220 1677 initium
1249 1612 1440 1694 Aeneidos,
1470 1611 1680 1698 Virgilium,
1699 1613 1763 1693 qui

348 1714 446 1798 prius
465 1735 558 1802 rem,
578 1717 705 1784 deinde
725 1720 881 1805 posuerit
897 1739 1100 1805 personam,
1127 1719 1177 1784 ita
1197 1726 1349 1804 tueatur,
1370 1726 1410 1782 ut
1426 1717 1635 1796 Salustium,
1667 1717 1766 1782 omni

347 1826 537 1885 metrorum
554 1823 687 1888 ratione
705 1825 874 1910 liberum,
894 1826 944 1890 sic
967 1825 1150 1892 historiam
1172 1825 1314 1910 coepisse
1334 1824 1470 1898 scribit,
1490 1823 1607 1908 primo
1627 1832 1766 1906 utrem,

346 1946 428 1989 mox
444 1930 569 2014 populi
587 1932 738 1994 Romani
755 1949 939 2016 personam
958 1939 1137 2014 poneret.»
1157 1929 1305 1997 Carrio.
1323 1930 1455 1996 accedit
1469 1929 1592 2018 liulini
1609 1927 1766 1993 testimo·

346 2029 447 2095 nium
475 2035 538 2098 cir.
562 2039 606 2100 de
631 2056 780 2120 compos.
802 2045 838 2102 et
857 2036 976 2101 metris
996 2039 1092 2101 Orat.
1110 2054 1146 2119 p·
1163 2039 1233 2099 355.
1265 2038 1327 2099 Ed.
1343 2038 1565 2118 Caperroner.
1596 2037 1717 2108 ,Nunc
1735 2033 1767 2096 si

342 2135 500 2216 ridetur,
518 2139 721 2200 salustiano
740 2139 879 2221 periodi
895 2157 1058 2202 numeros
1073 2138 1314 2214 inspiciamusr
1335 2140 1407 2197 Res
1415 2153 1521 2212 popu
1538 2137 1715 2214 dactylus,
1738 2132 1769 2196 li

348 2239 527 2319 Romani,
541 2237 678 2301 Marco
692 2247 759 2300 tres
773 2239 945 2321 spondaei,
960 2231 1097 2318 Lepido
1113 2249 1312 2318 anapaestus.
1327 2231 1490 2316 (iacincto
1506 2233 1645 2302 Catulo
1661 2257 1767 2320 spon-

230 2418 234 2427 ·
349 2343 445 2406 daeus
464 2349 503 2419 ct,
513 2347 718 2422 anapaestus,
741 2337 965 2404 Consulibus
980 2358 1081 2421 paean
1099 2339 1250 2424 primus3
1272 2362 1319 2406 ac
1337 2335 1464 2404 deinde
1486 2339 1675 2422 dichoraeus
1694 2344 1766 2406 sive

349 2445 572 2520 ditrochaeus,
593 2436 709 2502 militi
729 2439 901 2521 dactylus3
924 2445 960 2499 et
978 2435 1249 2520 domicreticus,
1261 2443 1386 2524 gestas
1400 2433 1599 2529 spondaeus,
1621 2469 1766 2531 compo-

349 2545 412 2612 sui
428 2545 681 2612 choriambus.»
709 2545 758 2606 Ex
773 2542 830 2607 his
852 2540 966 2607 verbis
984 2541 1213 2629 intelligitur,
1232 2541 1420 2606 Salustium
1448 2543 1552 2608 initio
1575 2547 1662 2610 libri
1680 2572 1769 2614 non-

353 2658 437 2718 dum
456 2662 590 2719 eertum
608 2651 782 2733 quendam
803 2649 928 2734 finem,
948 2652 992 2712 ad
1009 2669 1113 2731 quem
1130 2647 1199 2713 sibi
1213 2647 1509 2732 progrediendum
1529 2669 1602 2716 esse
1617 2656 1766 2739 putavit,

358 2758 587 2823 constituisse.
612 2757 679 2820 Sed
702 2757 736 2820 ei
756 2756 942 2827 consilium
961 2755 1084 2838 fuisse,
1104 2772 1215 2836 usque
1236 2758 1282 2817 ad
1301 2754 1502 2820 Ciceronem
1523 2763 1558 2822 et
1574 2759 1768 2826 Antonium

352 2864 509 2928 consules
525 2865 594 2926 Res
614 2885 649 2946 p.
671 2863 713 2924 R.
732 2863 962 2947 perscribere,
982 2862 1159 2948 plerisque
1178 2860 1361 2944 probabile
1381 2861 1494 2922 visum
1514 2869 1582 2943 est,
1602 2867 1697 2942 quod
1716 2868 1765 2926 ita

352 2969 493 3034 libellus
524 2969 568 3032 de
594 2968 833 3047 conjuratione
858 2968 1060 3033 Catilinaria
1079 2975 1157 3053 apte
1178 2966 1402 3031 historiarum
1428 2965 1530 3030 libris
1552 2969 1768 3034 continuare-

223 3065 230 3078 ’
354 3087 418 3141 tur.
437 3077 504 3139 Sed
524 3077 691 3158 hocopus
710 3095 731 3137 a
745 3074 893 3138 Salustio
909 3076 1107 3139 absolutum
1119 3073 1225 3139 fuisse
1236 3073 1338 3136 valde
1352 3072 1492 3152 dubito,
1513 3072 1553 3134 in
1566 3072 1768 3158 fragmentis

353 3182 449 3245 enim
470 3181 626 3262 quinque
642 3181 832 3262 librorum,
853 3201 928 3259 quas
948 3200 969 3242 a
985 3179 1210 3261 scriptoribus
1227 3180 1428 3263 laudantur,
1449 3199 1558 3263 pauca
1572 3190 1669 3263 sunt,
1689 3201 1766 3262 quae

354 3289 399 3347 ad
419 3305 473 3349 res
497 3305 518 3346 a
537 3283 702 3367 Pompejo
721 3285 759 3346 in
781 3285 862 3346 Asia
882 3293 992 3369 gestas
1015 3283 1337 3350 commodereferri
1360 3282 1501 3369 possint.
1521 3288 1689 3352 Praeterea
1699 3289 1767 3351 Au-

354 3388 447 3453 sonii
466 3407 583 3452 versus
606 3387 664 3450 cfr.
685 3390 874 3454 Commeat.
895 3391 933 3450 P.
949 3392 975 3450 I.
993 3411 1028 3472 p.
1054 3403 1100 3463 14.
1115 3387 1309 3473 significare
1329 3390 1504 3475 videntur,
1525 3391 1614 3455 belli
1631 3392 1775 3454 Mithri-·
1803 3391 1807 3400 ‘

354 3494 460 3558 datici
482 3493 589 3558 finem
616 3493 672 3557 his
697 3493 736 3556 in
756 3494 858 3557 libris
875 3514 949 3557 non
976 3492 1081 3558 fuisse
1107 3494 1350 3578 perscriptum
1378 3516 1461 3560 nam
1483 3495 1567 3560 inde
1590 3516 1610 3556 a
1633 3497 1766 3578 Lepido

296 3659 308 3686 .
355 3599 549 3680 Catuloque
579 3599 673 3664 Coss.
699 3608 832 3663 tantum
862 3599 1047 3680 duodecim
1074 3619 1246 3664 annorum
1272 3621 1326 3665 res
1358 3621 1378 3662 a
1401 3601 1550 3666 salustio
1579 3600 1767 3664 illustratas

355 3704 459 3769 inisse
481 3704 612 3783 innuit3
636 3705 685 3768 ita
706 3714 746 3768 ut
761 3706 966 3771 Dehrossius
981 3708 1076 3769 haud
1091 3704 1266 3771 immerito
1286 3707 1511 3771 historiarum
1531 3705 1642 3769 libros
1658 3726 1767 3789 usque

356 3814 401 3874 ad
420 3812 576 3895 Polhpeji
596 3820 629 3874 et
651 3812 789 3874 Luculli
803 3822 1009 3876 conventum
1028 3813 1068 3875 in
1084 3812 1238 3896 Phrygia
1257 3815 1421 3876 deductos
1439 3812 1562 3896 fuisse,
1583 3813 1769 3890 conjecisse

356 3918 522 3983 videatur.
548 3917 733 3980 Salustium
750 3917 861 4004 igitur
877 3928 937 3982 aut
956 3919 1027 3981 alia
1049 3937 1149 3982 causa
1169 3918 1387 4003 prohibitum
1408 3928 1467 3982 aut
1485 3926 1596 3981 morte
1611 3937 1767 4000 praeven-

356 4033 431 4087 tum
448 4023 552 4086 fuisse
569 4024 740 4107 existimo,
763 4025 967 4105 quominus
986 4045 1087 4109 opus,
1109 4029 1204 4106 quod
1224 4017 1433 4098 instituerat,
1454 4022 1622 4087 adfinem
1641 4026 1767 4106 perdu-

359 4137 464 4208 ceret3
486 4129 568 4192 odio
590 4129 684 4192 enim
705 4131 861 4213 Pompeji
876 4115 1083 4216 impulsum,
1104 4152 1158 4196 res
1177 4133 1221 4193 ab
1239 4150 1280 4193 eo
1297 4128 1460 4213 praeclare
1475 4137 1584 4211 gestas
1605 4146 1765 4191 enarrare

360 4235 527 4317 noluisse,
547 4234 692 4320 indigna
715 4244 809 4299 tanto
831 4239 976 4302 homine
996 4236 1145 4321 suspicio
1166 4221 1226 4302 est.
1246 4233 1321 4308 Nisi
1344 4231 1433 4296 forte
1449 4233 1601 4316 judicas,
1620 4231 1766 4296 Salusti-

359 4359 431 4424 um,
452 4321 547 4422 quod
562 4341 725 4405 historias
739 4341 777 4404 in
788 4343 924 4408 Luculli
934 4342 1072 4422 juvenis
1092 4339 1238 4426 gratiam
1249 4337 1634 4424 conscripserit,(quod
1649 4331 1765 4404 nescio
