<?xml version="1.0" encoding="UTF-8"?>
<!DOCTYPE html PUBLIC "-//W3C//DTD XHTML 1.0 Transitional//EN"
    "http://www.w3.org/TR/xhtml1/DTD/xhtml1-transitional.dtd">
<html xmlns="http://www.w3.org/1999/xhtml" xml:lang="en" lang="en">
 <head>
  <title>
</title>
<meta http-equiv="Content-Type" content="text/html;charset=utf-8" />
  <meta name='ocr-system' content='tesseract 3.04.00' />
  <meta name='ocr-capabilities' content='ocr_page ocr_carea ocr_par ocr_line ocrx_word'/>
</head>
<body>
  <div class='ocr_page' id='page_1' title='image "./ccrispisalustii01sallgoog_0146.png"; bbox 0 0 4230 5348; ppageno 0'>
   <div class='ocr_carea' id='block_1_1' title="bbox 298 473 1834 1605">
    <p class='ocr_par' dir='ltr' id='par_1_1' title="bbox 353 473 429 565">
     <span class='ocr_line' id='line_1_1' title="bbox 353 473 429 565; baseline -0.053 0"><span class='ocrx_word' id='word_1_1' title='bbox 353 473 429 565; x_wconf 74' lang='lat'><strong>13&#39;6</strong></span> 
     </span>
    </p>

    <p class='ocr_par' dir='ltr' id='par_1_2' title="bbox 298 671 1834 1605">
     <span class='ocr_line' id='line_1_2' title="bbox 355 671 1762 767; baseline -0.006 -21"><span class='ocrx_word' id='word_1_2' title='bbox 355 684 444 746; x_wconf 88' lang='lat' dir='ltr'><strong>dam.</strong></span> <span class='ocrx_word' id='word_1_3' title='bbox 465 683 532 747; x_wconf 87' lang='lat' dir='ltr'><strong>Sed</strong></span> <span class='ocrx_word' id='word_1_4' title='bbox 546 679 731 767; x_wconf 76' lang='lat' dir='ltr'><strong>verborum</strong></span> <span class='ocrx_word' id='word_1_5' title='bbox 741 672 946 760; x_wconf 84' lang='lat' dir='ltr'><strong>ambagibus</strong></span> <span class='ocrx_word' id='word_1_6' title='bbox 958 672 1050 738; x_wconf 84' lang='lat' dir='ltr'><strong>nihil</strong></span> <span class='ocrx_word' id='word_1_7' title='bbox 1065 672 1161 738; x_wconf 90' lang='lat' dir='ltr'><strong>aliud</strong></span> <span class='ocrx_word' id='word_1_8' title='bbox 1177 691 1281 758; x_wconf 87' lang='lat' dir='ltr'><strong>quam</strong></span> <span class='ocrx_word' id='word_1_9' title='bbox 1293 671 1510 737; x_wconf 81' lang='lat' dir='ltr'><strong>inscientiam</strong></span> <span class='ocrx_word' id='word_1_10' title='bbox 1528 672 1621 738; x_wconf 81' lang='lat' dir='ltr'><strong>terit.</strong></span> <span class='ocrx_word' id='word_1_11' title='bbox 1642 689 1762 753; x_wconf 79' lang='lat'><strong>-141.-</strong></span> 
     </span>
     <span class='ocr_line' id='line_1_3' title="bbox 352 777 1769 865; baseline -0.005 -14"><span class='ocrx_word' id='word_1_12' title='bbox 352 787 405 852; x_wconf 91' lang='lat' dir='ltr'><strong>In</strong></span> <span class='ocrx_word' id='word_1_13' title='bbox 421 785 582 850; x_wconf 85' lang='lat' dir='ltr'><strong>secunda</strong></span> <span class='ocrx_word' id='word_1_14' title='bbox 605 792 667 846; x_wconf 91' lang='lat' dir='ltr'><strong>etc.</strong></span> <span class='ocrx_word' id='word_1_15' title='bbox 688 800 757 861; x_wconf 91' lang='lat' dir='ltr'><strong>quo</strong></span> <span class='ocrx_word' id='word_1_16' title='bbox 781 781 855 844; x_wconf 85' lang='lat' dir='ltr'><strong>haec</strong></span> <span class='ocrx_word' id='word_1_17' title='bbox 879 780 1060 844; x_wconf 88' lang='lat' dir='ltr'><strong>referenda</strong></span> <span class='ocrx_word' id='word_1_18' title='bbox 1079 781 1165 865; x_wconf 87' lang='lat' dir='ltr'><strong>sint,</strong></span> <span class='ocrx_word' id='word_1_19' title='bbox 1187 779 1313 844; x_wconf 85' lang='lat' dir='ltr'><strong>nescio.</strong></span> <span class='ocrx_word' id='word_1_20' title='bbox 1334 783 1456 856; x_wconf 68' lang='lat' dir='ltr'><strong>-rsh-</strong></span> <span class='ocrx_word' id='word_1_21' title='bbox 1475 781 1632 844; x_wconf 79' lang='lat' dir='ltr'><strong>Eaeuant</strong></span> <span class='ocrx_word' id='word_1_22' title='bbox 1647 777 1769 844; x_wconf 86' lang='lat' dir='ltr'><strong>armis</strong></span> 
     </span>
     <span class='ocr_line' id='line_1_4' title="bbox 351 873 1762 972; baseline -0.003 -20"><span class='ocrx_word' id='word_1_23' title='bbox 351 886 524 970; x_wconf 77' lang='lat' dir='ltr'><strong>equisque</strong></span> <span class='ocrx_word' id='word_1_24' title='bbox 547 888 614 947; x_wconf 91' lang='lat' dir='ltr'><strong>hoc</strong></span> <span class='ocrx_word' id='word_1_25' title='bbox 638 886 728 948; x_wconf 83' lang='lat' dir='ltr'><strong>bene</strong></span> <span class='ocrx_word' id='word_1_26' title='bbox 748 887 909 950; x_wconf 85' lang='lat' dir='ltr'><strong>convenit</strong></span> <span class='ocrx_word' id='word_1_27' title='bbox 932 888 1112 971; x_wconf 73' lang='lat' dir='ltr'><strong>Spartaco,</strong></span> <span class='ocrx_word' id='word_1_28' title='bbox 1138 884 1302 972; x_wconf 86' lang='lat' dir='ltr'><strong>fugitivos</strong></span> <span class='ocrx_word' id='word_1_29' title='bbox 1331 885 1437 948; x_wconf 88' lang='lat' dir='ltr'><strong>armis</strong></span> <span class='ocrx_word' id='word_1_30' title='bbox 1459 884 1626 966; x_wconf 84' lang='lat' dir='ltr'><strong>equisque</strong></span> <span class='ocrx_word' id='word_1_31' title='bbox 1649 873 1762 948; x_wconf 49' lang='lat' dir='ltr'><strong>se‘in·</strong></span> 
     </span>
     <span class='ocr_line' id='line_1_5' title="bbox 348 987 1763 1080; baseline -0.001 -26"><span class='ocrx_word' id='word_1_32' title='bbox 348 999 481 1054; x_wconf 89' lang='lat' dir='ltr'><strong>struere</strong></span> <span class='ocrx_word' id='word_1_33' title='bbox 509 989 658 1068; x_wconf 87' lang='lat' dir='ltr'><strong>jubenti.</strong></span> <span class='ocrx_word' id='word_1_34' title='bbox 687 993 808 1069; x_wconf 80' lang='lat'><strong>-145.-</strong></span> <span class='ocrx_word' id='word_1_35' title='bbox 829 988 1036 1058; x_wconf 73' lang='lat' dir='ltr'><strong>Lusitaniae</strong></span> <span class='ocrx_word' id='word_1_36' title='bbox 1058 1012 1204 1080; x_wconf 81' lang='lat' dir='ltr'><strong>gravem</strong></span> <span class='ocrx_word' id='word_1_37' title='bbox 1229 987 1425 1079; x_wconf 75' lang='lat' dir='ltr'><strong>civitatem.</strong></span> <span class='ocrx_word' id='word_1_38' title='bbox 1462 992 1610 1053; x_wconf 90' lang='lat' dir='ltr'><strong>Eboram</strong></span> <span class='ocrx_word' id='word_1_39' title='bbox 1639 990 1763 1053; x_wconf 85' lang='lat' dir='ltr'><strong>urbem</strong></span> 
     </span>
     <span class='ocr_line' id='line_1_6' title="bbox 353 1091 1769 1184; baseline 0.001 -26"><span class='ocrx_word' id='word_1_40' title='bbox 353 1095 637 1180; x_wconf 88' lang='lat' dir='ltr'><strong>intelligitDebr.</strong></span> <span class='ocrx_word' id='word_1_41' title='bbox 656 1093 921 1184; x_wconf 81' lang='lat' dir='ltr'><strong>gravisdicitur</strong></span> <span class='ocrx_word' id='word_1_42' title='bbox 935 1097 1069 1176; x_wconf 87' lang='lat' dir='ltr'><strong>civitas,</strong></span> <span class='ocrx_word' id='word_1_43' title='bbox 1092 1117 1168 1177; x_wconf 81' lang='lat' dir='ltr'><strong>quae</strong></span> <span class='ocrx_word' id='word_1_44' title='bbox 1189 1116 1321 1182; x_wconf 74' lang='lat' dir='ltr'><strong>magnae</strong></span> <span class='ocrx_word' id='word_1_45' title='bbox 1341 1103 1391 1160; x_wconf 90' lang='lat' dir='ltr'><strong>est</strong></span> <span class='ocrx_word' id='word_1_46' title='bbox 1408 1094 1620 1159; x_wconf 89' lang='lat' dir='ltr'><strong>auctoritatis</strong></span> <span class='ocrx_word' id='word_1_47' title='bbox 1631 1113 1684 1180; x_wconf 86' lang='lat' dir='ltr'><strong>ap.</strong></span> <span class='ocrx_word' id='word_1_48' title='bbox 1700 1091 1769 1160; x_wconf 55' lang='lat' dir='ltr'><strong>can</strong></span> 
     </span>
     <span class='ocr_line' id='line_1_7' title="bbox 350 1187 1763 1286; baseline 0.001 -23"><span class='ocrx_word' id='word_1_49' title='bbox 350 1207 451 1267; x_wconf 88' lang='lat' dir='ltr'><strong>teras.</strong></span> <span class='ocrx_word' id='word_1_50' title='bbox 483 1203 605 1278; x_wconf 78' lang='lat'><strong>-146.-</strong></span> <span class='ocrx_word' id='word_1_51' title='bbox 624 1203 686 1266; x_wconf 78' lang='lat' dir='ltr'><strong>Ex</strong></span> <span class='ocrx_word' id='word_1_52' title='bbox 698 1210 811 1286; x_wconf 86' lang='lat' dir='ltr'><strong>parte</strong></span> <span class='ocrx_word' id='word_1_53' title='bbox 829 1204 1038 1268; x_wconf 79' lang='lat' dir='ltr'><em>cohortium</em></span> <span class='ocrx_word' id='word_1_54' title='bbox 1050 1239 1092 1256; x_wconf 90' lang='lat'>—</span> <span class='ocrx_word' id='word_1_55' title='bbox 1097 1199 1305 1286; x_wconf 65' lang='lat' dir='ltr'><strong>prosequere</strong></span> <span class='ocrx_word' id='word_1_56' title='bbox 1321 1201 1345 1264; x_wconf 94' lang='lat' dir='ltr'><strong>i.</strong></span> <span class='ocrx_word' id='word_1_57' title='bbox 1358 1222 1386 1266; x_wconf 89' lang='lat' dir='ltr'><strong>e.</strong></span> <span class='ocrx_word' id='word_1_58' title='bbox 1397 1220 1696 1285; x_wconf 85' lang='lat' dir='ltr'><strong>praeoccupare.-</strong></span> <span class='ocrx_word' id='word_1_59' title='bbox 1707 1187 1763 1264; x_wconf 61' lang='lat' dir='ltr'><strong>inss</strong></span> 
     </span>
     <span class='ocr_line' id='line_1_8' title="bbox 298 1307 1762 1398; baseline -0.002 -28"><span class='ocrx_word' id='word_1_60' title='bbox 298 1390 302 1398; x_wconf 67' lang='lat'><strong>.</strong></span> <span class='ocrx_word' id='word_1_61' title='bbox 348 1310 507 1371; x_wconf 81' lang='lat' dir='ltr'><strong>structa.</strong></span> <span class='ocrx_word' id='word_1_62' title='bbox 536 1312 643 1370; x_wconf 88' lang='lat' dir='ltr'><strong>castra</strong></span> <span class='ocrx_word' id='word_1_63' title='bbox 668 1307 725 1374; x_wconf 76' lang='lat' dir='ltr'><strong>vel</strong></span> <span class='ocrx_word' id='word_1_64' title='bbox 754 1309 822 1372; x_wconf 91' lang='lat' dir='ltr'><strong>tale</strong></span> <span class='ocrx_word' id='word_1_65' title='bbox 846 1309 930 1390; x_wconf 91' lang='lat' dir='ltr'><strong>quid</strong></span> <span class='ocrx_word' id='word_1_66' title='bbox 954 1308 1233 1392; x_wconf 85' lang='lat' dir='ltr'><strong>intelligendum.</strong></span> <span class='ocrx_word' id='word_1_67' title='bbox 1255 1308 1305 1371; x_wconf 92' lang='lat' dir='ltr'><strong>ita</strong></span> <span class='ocrx_word' id='word_1_68' title='bbox 1325 1310 1414 1391; x_wconf 90' lang='lat' dir='ltr'><strong>apud</strong></span> <span class='ocrx_word' id='word_1_69' title='bbox 1436 1307 1509 1369; x_wconf 85' lang='lat' dir='ltr'><strong>Liv.</strong></span> <span class='ocrx_word' id='word_1_70' title='bbox 1532 1309 1581 1381; x_wconf 76' lang='lat' dir='ltr'><strong>ati.</strong></span> <span class='ocrx_word' id='word_1_71' title='bbox 1602 1309 1639 1369; x_wconf 80' lang='lat'><strong>6:</strong></span> <span class='ocrx_word' id='word_1_72' title='bbox 1661 1315 1762 1392; x_wconf 81' lang='lat' dir='ltr'><strong>porta</strong></span> 
     </span>
     <span class='ocr_line' id='line_1_9' title="bbox 347 1410 1834 1496; baseline 0.001 -22"><span class='ocrx_word' id='word_1_73' title='bbox 347 1412 497 1482; x_wconf 84' lang='lat' dir='ltr'><strong>ballistis</strong></span> <span class='ocrx_word' id='word_1_74' title='bbox 511 1413 822 1496; x_wconf 85' lang='lat' dir='ltr'><strong>scorpionibusque</strong></span> <span class='ocrx_word' id='word_1_75' title='bbox 843 1415 1019 1478; x_wconf 89' lang='lat' dir='ltr'><strong>instructa.</strong></span> <span class='ocrx_word' id='word_1_76' title='bbox 1049 1415 1118 1477; x_wconf 86' lang='lat' dir='ltr'><strong>Sed</strong></span> <span class='ocrx_word' id='word_1_77' title='bbox 1138 1435 1217 1476; x_wconf 91' lang='lat' dir='ltr'><strong>cum</strong></span> <span class='ocrx_word' id='word_1_78' title='bbox 1235 1415 1332 1476; x_wconf 87' lang='lat' dir='ltr'><strong>locus</strong></span> <span class='ocrx_word' id='word_1_79' title='bbox 1354 1414 1449 1476; x_wconf 87' lang='lat' dir='ltr'><strong>haud</strong></span> <span class='ocrx_word' id='word_1_80' title='bbox 1471 1410 1577 1474; x_wconf 92' lang='lat' dir='ltr'><strong>dubie</strong></span> <span class='ocrx_word' id='word_1_81' title='bbox 1595 1411 1765 1494; x_wconf 78' lang='lat' dir='ltr'><strong>abruptus.</strong></span> <span class='ocrx_word' id='word_1_82' title='bbox 1829 1434 1834 1440; x_wconf 63' lang='grc'><strong>“</strong></span> 
     </span>
     <span class='ocr_line' id='line_1_10' title="bbox 348 1504 1833 1605; baseline -0.005 -23"><span class='ocrx_word' id='word_1_83' title='bbox 348 1515 410 1601; x_wconf 81' lang='lat' dir='ltr'><strong>stt,</strong></span> <span class='ocrx_word' id='word_1_84' title='bbox 436 1504 556 1598; x_wconf 33' lang='lat' dir='ltr'><strong>neque*</strong></span> <span class='ocrx_word' id='word_1_85' title='bbox 577 1515 715 1604; x_wconf 86' lang='lat' dir='ltr'><strong>singula</strong></span> <span class='ocrx_word' id='word_1_86' title='bbox 739 1529 895 1585; x_wconf 88' lang='lat' dir='ltr'><strong>accurate</strong></span> <span class='ocrx_word' id='word_1_87' title='bbox 916 1519 1083 1605; x_wconf 81' lang='lat' dir='ltr'><strong>explicari</strong></span> <span class='ocrx_word' id='word_1_88' title='bbox 1109 1527 1269 1604; x_wconf 75' lang='lat' dir='ltr'><strong>possunt,</strong></span> <span class='ocrx_word' id='word_1_89' title='bbox 1291 1539 1405 1601; x_wconf 87' lang='lat' dir='ltr'><strong>neque</strong></span> <span class='ocrx_word' id='word_1_90' title='bbox 1435 1538 1506 1599; x_wconf 92' lang='lat' dir='ltr'><strong>quo</strong></span> <span class='ocrx_word' id='word_1_91' title='bbox 1536 1524 1646 1579; x_wconf 89' lang='lat' dir='ltr'><strong>totum</strong></span> <span class='ocrx_word' id='word_1_92' title='bbox 1669 1515 1762 1600; x_wconf 83' lang='lat' dir='ltr'><strong>frag·</strong></span> <span class='ocrx_word' id='word_1_93' title='bbox 1831 1571 1833 1577; x_wconf 83' lang='lat'><strong>.</strong></span> 
     </span>
    </p>
   </div>
   <div class='ocr_carea' id='block_1_2' title="bbox 347 1620 1865 1814">
    <p class='ocr_par' dir='ltr' id='par_1_3' title="bbox 347 1620 1865 1814">
     <span class='ocr_line' id='line_1_11' title="bbox 347 1620 1762 1711; baseline 0 -27"><span class='ocrx_word' id='word_1_94' title='bbox 347 1629 502 1687; x_wconf 87' lang='lat' dir='ltr'><strong>mentum</strong></span> <span class='ocrx_word' id='word_1_95' title='bbox 520 1621 741 1706; x_wconf 80' lang='lat' dir='ltr'><strong>referendum</strong></span> <span class='ocrx_word' id='word_1_96' title='bbox 759 1625 813 1704; x_wconf 89' lang='lat' dir='ltr'><strong>sit,</strong></span> <span class='ocrx_word' id='word_1_97' title='bbox 834 1626 936 1689; x_wconf 87' lang='lat' dir='ltr'><strong>facile</strong></span> <span class='ocrx_word' id='word_1_98' title='bbox 954 1625 1152 1710; x_wconf 82' lang='lat' dir='ltr'><strong>constituas,</strong></span> <span class='ocrx_word' id='word_1_99' title='bbox 1163 1627 1325 1710; x_wconf 77' lang='lat' dir='ltr'><strong>praeclara</strong></span> <span class='ocrx_word' id='word_1_100' title='bbox 1336 1625 1445 1711; x_wconf 83' lang='lat' dir='ltr'><strong>igitur</strong></span> <span class='ocrx_word' id='word_1_101' title='bbox 1453 1624 1591 1687; x_wconf 81' lang='lat' dir='ltr'><strong>ridetur</strong></span> <span class='ocrx_word' id='word_1_102' title='bbox 1606 1620 1762 1685; x_wconf 89' lang='lat' dir='ltr'><strong>Putschii</strong></span> 
     </span>
     <span class='ocr_line' id='line_1_12' title="bbox 348 1713 1865 1814; baseline 0 -24"><span class='ocrx_word' id='word_1_103' title='bbox 348 1721 559 1805; x_wconf 79' lang='lat' dir='ltr'><strong>conjectura:</strong></span> <span class='ocrx_word' id='word_1_104' title='bbox 582 1737 749 1812; x_wconf 73' lang='lat' dir='ltr'><strong>exparte</strong></span> <span class='ocrx_word' id='word_1_105' title='bbox 767 1727 977 1795; x_wconf 83' lang='lat' dir='ltr'><strong>cohortium</strong></span> <span class='ocrx_word' id='word_1_106' title='bbox 990 1729 1180 1814; x_wconf 74' lang='lat' dir='ltr'><strong>praecipue</strong></span> <span class='ocrx_word' id='word_1_107' title='bbox 1198 1727 1384 1793; x_wconf 87' lang='lat' dir='ltr'><strong>instructo</strong></span> <span class='ocrx_word' id='word_1_108' title='bbox 1403 1725 1584 1792; x_wconf 84' lang='lat' dir='ltr'><strong>stationes</strong></span> <span class='ocrx_word' id='word_1_109' title='bbox 1600 1735 1661 1790; x_wconf 87' lang='lat' dir='ltr'><strong>cto.</strong></span> <span class='ocrx_word' id='word_1_110' title='bbox 1683 1739 1760 1808; x_wconf 76' lang='lat' dir='ltr'><strong>quae</strong></span> <span class='ocrx_word' id='word_1_111' title='bbox 1860 1713 1865 1725; x_wconf 54' lang='lat'>¹</span> 
     </span>
    </p>
   </div>
   <div class='ocr_carea' id='block_1_3' title="bbox 233 1827 1762 1919">
    <p class='ocr_par' dir='ltr' id='par_1_4' title="bbox 233 1827 1762 1919">
     <span class='ocr_line' id='line_1_13' title="bbox 233 1827 1762 1919; baseline -0.003 -23"><span class='ocrx_word' id='word_1_112' title='bbox 233 1914 235 1919; x_wconf 88' lang='lat'><strong>.</strong></span> <span class='ocrx_word' id='word_1_113' title='bbox 304 1897 308 1906; x_wconf 76' lang='grc'><em>,</em></span> <span class='ocrx_word' id='word_1_114' title='bbox 348 1831 379 1895; x_wconf 88' lang='lat' dir='ltr'><strong>si</strong></span> <span class='ocrx_word' id='word_1_115' title='bbox 401 1852 482 1897; x_wconf 78' lang='lat' dir='ltr'><strong>vera</strong></span> <span class='ocrx_word' id='word_1_116' title='bbox 506 1841 573 1910; x_wconf 81' lang='lat' dir='ltr'><strong>est,</strong></span> <span class='ocrx_word' id='word_1_117' title='bbox 601 1835 671 1896; x_wconf 90' lang='lat' dir='ltr'><strong>hoc</strong></span> <span class='ocrx_word' id='word_1_118' title='bbox 698 1837 964 1918; x_wconf 80' lang='lat' dir='ltr'><strong>adSpartacum</strong></span> <span class='ocrx_word' id='word_1_119' title='bbox 985 1835 1177 1913; x_wconf 85' lang='lat' dir='ltr'><strong>rettuleris,</strong></span> <span class='ocrx_word' id='word_1_120' title='bbox 1198 1827 1261 1917; x_wconf 87' lang='lat' dir='ltr'><strong>qui</strong></span> <span class='ocrx_word' id='word_1_121' title='bbox 1282 1856 1324 1900; x_wconf 82' lang='lat' dir='ltr'><strong>eu</strong></span> <span class='ocrx_word' id='word_1_122' title='bbox 1341 1834 1541 1897; x_wconf 88' lang='lat' dir='ltr'><strong>cohortibus</strong></span> <span class='ocrx_word' id='word_1_123' title='bbox 1561 1833 1686 1896; x_wconf 85' lang='lat' dir='ltr'><strong>melius</strong></span> <span class='ocrx_word' id='word_1_124' title='bbox 1706 1851 1762 1892; x_wconf 88' lang='lat' dir='ltr'><strong>ar·</strong></span> 
     </span>
    </p>
   </div>
   <div class='ocr_carea' id='block_1_4' title="bbox 324 1933 1828 3124">
    <p class='ocr_par' dir='ltr' id='par_1_5' title="bbox 324 1933 1828 3124">
     <span class='ocr_line' id='line_1_14' title="bbox 346 1933 1828 2022; baseline -0.001 -24"><span class='ocrx_word' id='word_1_125' title='bbox 346 1936 448 2000; x_wconf 80' lang='lat' dir='ltr'><strong>matis</strong></span> <span class='ocrx_word' id='word_1_126' title='bbox 475 1938 639 2001; x_wconf 87' lang='lat' dir='ltr'><strong>stationes</strong></span> <span class='ocrx_word' id='word_1_127' title='bbox 666 1939 847 2022; x_wconf 80' lang='lat' dir='ltr'><strong>disposuit.</strong></span> <span class='ocrx_word' id='word_1_128' title='bbox 887 1957 1005 2020; x_wconf 79' lang='lat'><strong>-147.-</strong></span> <span class='ocrx_word' id='word_1_129' title='bbox 1032 1941 1175 2018; x_wconf 81' lang='lat' dir='ltr'><strong>Bellum</strong></span> <span class='ocrx_word' id='word_1_130' title='bbox 1199 1937 1328 2021; x_wconf 85' lang='lat' dir='ltr'><strong>quibus</strong></span> <span class='ocrx_word' id='word_1_131' title='bbox 1343 1946 1468 2022; x_wconf 87' lang='lat' dir='ltr'><strong>posset</strong></span> <span class='ocrx_word' id='word_1_132' title='bbox 1487 1933 1767 2002; x_wconf 47' lang='lat' dir='ltr'><strong>conditionibus*</strong></span> <span class='ocrx_word' id='word_1_133' title='bbox 1824 1939 1828 1948; x_wconf 83' lang='lat'>&#39;</span> 
     </span>
     <span class='ocr_line' id='line_1_15' title="bbox 350 2035 1759 2126; baseline -0.003 -23"><span class='ocrx_word' id='word_1_134' title='bbox 350 2037 530 2104; x_wconf 80' lang='lat' dir='ltr'><strong>desineret</strong></span> <span class='ocrx_word' id='word_1_135' title='bbox 557 2043 661 2108; x_wconf 89' lang='lat' dir='ltr'><strong>Debr.</strong></span> <span class='ocrx_word' id='word_1_136' title='bbox 690 2045 764 2106; x_wconf 75' lang='lat' dir='ltr'><strong>haec</strong></span> <span class='ocrx_word' id='word_1_137' title='bbox 794 2049 838 2106; x_wconf 91' lang='lat' dir='ltr'><strong>ad</strong></span> <span class='ocrx_word' id='word_1_138' title='bbox 861 2046 1042 2109; x_wconf 88' lang='lat' dir='ltr'><strong>Metellum</strong></span> <span class='ocrx_word' id='word_1_139' title='bbox 1075 2054 1195 2108; x_wconf 86' lang='lat' dir='ltr'><strong>contra</strong></span> <span class='ocrx_word' id='word_1_140' title='bbox 1222 2045 1391 2108; x_wconf 87' lang='lat' dir='ltr'><strong>Samnites</strong></span> <span class='ocrx_word' id='word_1_141' title='bbox 1411 2035 1546 2106; x_wconf 89' lang='lat' dir='ltr'><strong>bellum</strong></span> <span class='ocrx_word' id='word_1_142' title='bbox 1566 2050 1759 2126; x_wconf 85' lang='lat' dir='ltr'><strong>gerentem,</strong></span> 
     </span>
     <span class='ocr_line' id='line_1_16' title="bbox 346 2144 1760 2230; baseline -0.001 -21"><span class='ocrx_word' id='word_1_143' title='bbox 346 2153 381 2210; x_wconf 89' lang='lat' dir='ltr'><strong>et</strong></span> <span class='ocrx_word' id='word_1_144' title='bbox 413 2149 458 2208; x_wconf 92' lang='lat' dir='ltr'><strong>ad</strong></span> <span class='ocrx_word' id='word_1_145' title='bbox 485 2146 707 2230; x_wconf 81' lang='lat' dir='ltr'><strong>Archelaum,</strong></span> <span class='ocrx_word' id='word_1_146' title='bbox 744 2147 957 2210; x_wconf 84' lang='lat' dir='ltr'><strong>Mithridatis</strong></span> <span class='ocrx_word' id='word_1_147' title='bbox 992 2151 1133 2224; x_wconf 89' lang='lat' dir='ltr'><strong>ducem,</strong></span> <span class='ocrx_word' id='word_1_148' title='bbox 1162 2149 1306 2212; x_wconf 90' lang='lat' dir='ltr'><strong>rettulit.</strong></span> <span class='ocrx_word' id='word_1_149' title='bbox 1344 2149 1512 2229; x_wconf 86' lang='lat' dir='ltr'><strong>Equidem</strong></span> <span class='ocrx_word' id='word_1_150' title='bbox 1545 2150 1588 2209; x_wconf 91' lang='lat' dir='ltr'><strong>de</strong></span> <span class='ocrx_word' id='word_1_151' title='bbox 1618 2144 1760 2208; x_wconf 89' lang='lat' dir='ltr'><strong>Metello</strong></span> 
     </span>
     <span class='ocr_line' id='line_1_17' title="bbox 347 2231 1770 2337; baseline 0.006 -25"><span class='ocrx_word' id='word_1_152' title='bbox 347 2249 479 2313; x_wconf 89' lang='lat' dir='ltr'><strong>dictum</strong></span> <span class='ocrx_word' id='word_1_153' title='bbox 503 2253 698 2334; x_wconf 84' lang='lat' dir='ltr'><strong>putaverim</strong></span> <span class='ocrx_word' id='word_1_154' title='bbox 726 2250 793 2316; x_wconf 61' lang='lat' dir='ltr'><strong>circ</strong></span> <span class='ocrx_word' id='word_1_155' title='bbox 817 2252 964 2337; x_wconf 85' lang='lat' dir='ltr'><strong>Appian.</strong></span> <span class='ocrx_word' id='word_1_156' title='bbox 989 2256 1033 2317; x_wconf 93' lang='lat' dir='ltr'><strong>de</strong></span> <span class='ocrx_word' id='word_1_157' title='bbox 1055 2254 1091 2315; x_wconf 91' lang='lat' dir='ltr'><strong>b.</strong></span> <span class='ocrx_word' id='word_1_158' title='bbox 1115 2253 1215 2316; x_wconf 87' lang='lat' dir='ltr'><strong>Civil.</strong></span> <span class='ocrx_word' id='word_1_159' title='bbox 1239 2275 1267 2316; x_wconf 87' lang='lat'><strong>1.</strong></span> <span class='ocrx_word' id='word_1_160' title='bbox 1286 2254 1346 2316; x_wconf 85' lang='lat'><strong>68:</strong></span> <span class='ocrx_word' id='word_1_161' title='bbox 1379 2252 1542 2325; x_wconf 64' lang='grc' dir='ltr'>Καικίλιον</span> <span class='ocrx_word' id='word_1_162' title='bbox 1571 2236 1607 2320; x_wconf 79' lang='lat' dir='ltr'><strong>ii</strong></span> <span class='ocrx_word' id='word_1_163' title='bbox 1634 2231 1770 2335; x_wconf 55' lang='lat' dir='ltr'><strong>Minu</strong></span> 
     </span>
     <span class='ocr_line' id='line_1_18' title="bbox 344 2346 1759 2463; baseline -0.001 -29"><span class='ocrx_word' id='word_1_164' title='bbox 344 2373 400 2434; x_wconf 77' lang='grc' dir='ltr'><strong>λον</strong></span> <span class='ocrx_word' id='word_1_165' title='bbox 419 2403 469 2422; x_wconf 88' lang='lat'><strong>-·</strong></span> <span class='ocrx_word' id='word_1_166' title='bbox 488 2347 635 2436; x_wconf 67' lang='grc' dir='ltr'><strong>ἐκέλευον</strong></span> <span class='ocrx_word' id='word_1_167' title='bbox 654 2346 719 2452; x_wconf 74' lang='lat' dir='ltr'><strong>‘inu</strong></span> <span class='ocrx_word' id='word_1_168' title='bbox 739 2350 863 2438; x_wconf 62' lang='grc' dir='ltr'><strong>δύναιτο</strong></span> <span class='ocrx_word' id='word_1_169' title='bbox 883 2364 1053 2461; x_wconf 67' lang='grc' dir='ltr'><strong>εὐπρεπῶς</strong></span> <span class='ocrx_word' id='word_1_170' title='bbox 1071 2350 1331 2463; x_wconf 56' lang='grc' dir='ltr'><strong>διαλυσάμενον,</strong></span> <span class='ocrx_word' id='word_1_171' title='bbox 1361 2353 1533 2458; x_wconf 63' lang='lat' dir='ltr'><strong>insueverit</strong></span> <span class='ocrx_word' id='word_1_172' title='bbox 1560 2361 1600 2456; x_wconf 66' lang='grc' dir='ltr'><strong>τῇ</strong></span> <span class='ocrx_word' id='word_1_173' title='bbox 1627 2348 1759 2456; x_wconf 64' lang='lat' dir='ltr'><strong>recredi</strong></span> 
     </span>
     <span class='ocr_line' id='line_1_19' title="bbox 344 2467 1821 2583; baseline -0.009 -26"><span class='ocrx_word' id='word_1_174' title='bbox 344 2467 608 2583; x_wconf 65' lang='lat' dir='ltr'><strong>nohtcpncvuiup·</strong></span> <span class='ocrx_word' id='word_1_175' title='bbox 637 2486 763 2551; x_wconf 86' lang='lat' dir='ltr'><strong>iisdem</strong></span> <span class='ocrx_word' id='word_1_176' title='bbox 784 2487 875 2551; x_wconf 85' lang='lat' dir='ltr'><strong>ferre</strong></span> <span class='ocrx_word' id='word_1_177' title='bbox 894 2487 1010 2551; x_wconf 81' lang='lat' dir='ltr'><strong>verbis</strong></span> <span class='ocrx_word' id='word_1_178' title='bbox 1033 2487 1127 2550; x_wconf 90' lang='lat' dir='ltr'><strong>idem</strong></span> <span class='ocrx_word' id='word_1_179' title='bbox 1147 2490 1191 2550; x_wconf 91' lang='lat' dir='ltr'><strong>de</strong></span> <span class='ocrx_word' id='word_1_180' title='bbox 1211 2487 1245 2548; x_wconf 91' lang='lat' dir='ltr'><strong>b.</strong></span> <span class='ocrx_word' id='word_1_181' title='bbox 1268 2485 1426 2556; x_wconf 83' lang='lat' dir='ltr'><strong>Mithrid.</strong></span> <span class='ocrx_word' id='word_1_182' title='bbox 1443 2505 1471 2546; x_wconf 89' lang='lat' dir='ltr'><strong>c.</strong></span> <span class='ocrx_word' id='word_1_183' title='bbox 1493 2485 1545 2561; x_wconf 74' lang='lat'><strong>54:</strong></span> <span class='ocrx_word' id='word_1_184' title='bbox 1575 2467 1787 2560; x_wconf 52' lang='lat' dir='ltr'><strong>{wirahin</strong></span> <span class='ocrx_word' id='word_1_185' title='bbox 1818 2537 1821 2544; x_wconf 91' lang='lat'><strong>.</strong></span> 
     </span>
     <span class='ocr_line' id='line_1_20' title="bbox 345 2581 1758 2696; baseline -0.001 -26"><span class='ocrx_word' id='word_1_186' title='bbox 345 2581 512 2696; x_wconf 54' lang='grc' dir='ltr'><strong>Ἀρχελάῳ</strong></span> <span class='ocrx_word' id='word_1_187' title='bbox 554 2583 722 2680; x_wconf 66' lang='grc' dir='ltr'><strong>διαλύσεις</strong></span> <span class='ocrx_word' id='word_1_188' title='bbox 749 2595 804 2686; x_wconf 64' lang='lat' dir='ltr'><strong>fois</strong></span> <span class='ocrx_word' id='word_1_189' title='bbox 842 2584 966 2671; x_wconf 70' lang='lat' dir='ltr'><strong>iiluna</strong></span> <span class='ocrx_word' id='word_1_190' title='bbox 1005 2596 1174 2695; x_wconf 67' lang='lat' dir='ltr'><strong>stirpensis</strong></span> <span class='ocrx_word' id='word_1_191' title='bbox 1211 2582 1454 2693; x_wconf 61' lang='grc' dir='ltr'><strong>ἐργάσασθαι.</strong></span> <span class='ocrx_word' id='word_1_192' title='bbox 1497 2613 1628 2686; x_wconf 26' lang='lat' dir='ltr'><strong>Nihilo·</strong></span> <span class='ocrx_word' id='word_1_193' title='bbox 1642 2613 1758 2675; x_wconf 73' lang='lat' dir='ltr'><strong>minus</strong></span> 
     </span>
     <span class='ocr_line' id='line_1_21' title="bbox 345 2717 1758 2806; baseline 0.001 -27"><span class='ocrx_word' id='word_1_194' title='bbox 345 2724 461 2782; x_wconf 88' lang='lat' dir='ltr'><strong>tamen</strong></span> <span class='ocrx_word' id='word_1_195' title='bbox 483 2717 671 2782; x_wconf 88' lang='lat' dir='ltr'><strong>absurdum</strong></span> <span class='ocrx_word' id='word_1_196' title='bbox 694 2730 745 2784; x_wconf 90' lang='lat' dir='ltr'><strong>est</strong></span> <span class='ocrx_word' id='word_1_197' title='bbox 763 2727 929 2806; x_wconf 75' lang='lat' dir='ltr'><strong>statuere,</strong></span> <span class='ocrx_word' id='word_1_198' title='bbox 949 2728 1097 2802; x_wconf 89' lang='lat' dir='ltr'><strong>utroque</strong></span> <span class='ocrx_word' id='word_1_199' title='bbox 1116 2722 1195 2784; x_wconf 84' lang='lat' dir='ltr'><strong>loco</strong></span> <span class='ocrx_word' id='word_1_200' title='bbox 1221 2722 1339 2784; x_wconf 89' lang='lat' dir='ltr'><strong>eadem</strong></span> <span class='ocrx_word' id='word_1_201' title='bbox 1355 2721 1460 2784; x_wconf 86' lang='lat' dir='ltr'><strong>verba</strong></span> <span class='ocrx_word' id='word_1_202' title='bbox 1481 2719 1666 2782; x_wconf 87' lang='lat' dir='ltr'><strong>aSalustio</strong></span> <span class='ocrx_word' id='word_1_203' title='bbox 1685 2737 1758 2782; x_wconf 87' lang='lat' dir='ltr'><strong>esse</strong></span> 
     </span>
     <span class='ocr_line' id='line_1_22' title="bbox 345 2821 1758 2913; baseline 0.001 -28"><span class='ocrx_word' id='word_1_204' title='bbox 345 2821 469 2906; x_wconf 88' lang='lat' dir='ltr'><strong>posita.</strong></span> <span class='ocrx_word' id='word_1_205' title='bbox 490 2826 613 2900; x_wconf 80' lang='lat'><strong>·148.·</strong></span> <span class='ocrx_word' id='word_1_206' title='bbox 631 2824 680 2889; x_wconf 91' lang='lat' dir='ltr'><strong>In</strong></span> <span class='ocrx_word' id='word_1_207' title='bbox 703 2821 783 2908; x_wconf 85' lang='lat' dir='ltr'><strong>quis</strong></span> <span class='ocrx_word' id='word_1_208' title='bbox 817 2822 1043 2913; x_wconf 82' lang='lat' dir='ltr'><strong>longissumo</strong></span> <span class='ocrx_word' id='word_1_209' title='bbox 1070 2846 1129 2888; x_wconf 74' lang='grc' dir='ltr'><strong>ων.</strong></span> <span class='ocrx_word' id='word_1_210' title='bbox 1150 2833 1214 2891; x_wconf 87' lang='lat' dir='ltr'><strong>etc.</strong></span> <span class='ocrx_word' id='word_1_211' title='bbox 1235 2827 1302 2887; x_wconf 90' lang='lat' dir='ltr'><strong>boc</strong></span> <span class='ocrx_word' id='word_1_212' title='bbox 1319 2828 1364 2891; x_wconf 87' lang='lat' dir='ltr'><strong>ad</strong></span> <span class='ocrx_word' id='word_1_213' title='bbox 1379 2823 1562 2907; x_wconf 77' lang='lat' dir='ltr'><strong>Quintium</strong></span> <span class='ocrx_word' id='word_1_214' title='bbox 1583 2832 1622 2886; x_wconf 87' lang='lat' dir='ltr'><strong>tr.</strong></span> <span class='ocrx_word' id='word_1_215' title='bbox 1637 2825 1685 2906; x_wconf 92' lang='lat' dir='ltr'><strong>pl.</strong></span> <span class='ocrx_word' id='word_1_216' title='bbox 1705 2842 1758 2886; x_wconf 85' lang='lat' dir='ltr'><strong>re·</strong></span> 
     </span>
     <span class='ocr_line' id='line_1_23' title="bbox 344 2918 1757 3016; baseline -0.001 -25"><span class='ocrx_word' id='word_1_217' title='bbox 344 2927 505 3012; x_wconf 82' lang='lat' dir='ltr'><strong>tulerim,</strong></span> <span class='ocrx_word' id='word_1_218' title='bbox 537 2929 632 3008; x_wconf 88' lang='lat' dir='ltr'><strong>cujus</strong></span> <span class='ocrx_word' id='word_1_219' title='bbox 659 2933 703 2994; x_wconf 90' lang='lat' dir='ltr'><strong>de</strong></span> <span class='ocrx_word' id='word_1_220' title='bbox 734 2930 970 3015; x_wconf 74' lang='lat' dir='ltr'><strong>malignitate,</strong></span> <span class='ocrx_word' id='word_1_221' title='bbox 1003 2918 1190 3000; x_wconf 77' lang='lat' dir='ltr'><strong>insolentia</strong></span> <span class='ocrx_word' id='word_1_222' title='bbox 1218 2935 1321 3009; x_wconf 83' lang='lat' dir='ltr'><strong>atque</strong></span> <span class='ocrx_word' id='word_1_223' title='bbox 1342 2929 1504 3016; x_wconf 81' lang='lat' dir='ltr'><strong>superbia</strong></span> <span class='ocrx_word' id='word_1_224' title='bbox 1529 2930 1638 2990; x_wconf 88' lang='lat' dir='ltr'><strong>multa</strong></span> <span class='ocrx_word' id='word_1_225' title='bbox 1662 2931 1757 3010; x_wconf 86' lang='lat' dir='ltr'><strong>apud</strong></span> 
     </span>
     <span class='ocr_line' id='line_1_24' title="bbox 324 3023 1782 3124; baseline 0.003 -32"><span class='ocrx_word' id='word_1_226' title='bbox 324 3030 548 3106; x_wconf 61' lang='lat' dir='ltr'><strong>vCiceronem</strong></span> <span class='ocrx_word' id='word_1_227' title='bbox 578 3034 636 3099; x_wconf 90' lang='lat' dir='ltr'><strong>Or.</strong></span> <span class='ocrx_word' id='word_1_228' title='bbox 665 3054 730 3116; x_wconf 90' lang='lat' dir='ltr'><strong>pro</strong></span> <span class='ocrx_word' id='word_1_229' title='bbox 760 3036 799 3097; x_wconf 83' lang='lat' dir='ltr'><strong>A.</strong></span> <span class='ocrx_word' id='word_1_230' title='bbox 828 3025 991 3100; x_wconf 89' lang='lat' dir='ltr'><strong>Cluentio</strong></span> <span class='ocrx_word' id='word_1_231' title='bbox 1021 3057 1048 3100; x_wconf 90' lang='lat' dir='ltr'><strong>c.</strong></span> <span class='ocrx_word' id='word_1_232' title='bbox 1080 3039 1129 3115; x_wconf 84' lang='lat'><strong>39.</strong></span> <span class='ocrx_word' id='word_1_233' title='bbox 1157 3045 1230 3116; x_wconf 88' lang='lat' dir='ltr'><strong>s&#39;qq.</strong></span> <span class='ocrx_word' id='word_1_234' title='bbox 1252 3035 1297 3124; x_wconf 81' lang='lat' dir='ltr'><strong>ad</strong></span> <span class='ocrx_word' id='word_1_235' title='bbox 1322 3034 1425 3098; x_wconf 89' lang='lat' dir='ltr'><strong>verba</strong></span> <span class='ocrx_word' id='word_1_236' title='bbox 1454 3023 1594 3115; x_wconf 86' lang='lat' dir='ltr'><strong>inquis</strong></span> <span class='ocrx_word' id='word_1_237' title='bbox 1618 3034 1782 3116; x_wconf 44' lang='lat' dir='ltr'><strong>supplet*</strong></span> 
     </span>
    </p>
   </div>
   <div class='ocr_carea' id='block_1_5' title="bbox 223 3130 1756 3228">
    <p class='ocr_par' dir='ltr' id='par_1_6' title="bbox 223 3130 1756 3228">
     <span class='ocr_line' id='line_1_25' title="bbox 223 3130 1756 3228; baseline 0.002 -30"><span class='ocrx_word' id='word_1_238' title='bbox 223 3168 225 3172; x_wconf 80' lang='lat'><strong>.</strong></span> <span class='ocrx_word' id='word_1_239' title='bbox 347 3130 592 3228; x_wconf 80' lang='lat' dir='ltr'><strong>orationibus.</strong></span> <span class='ocrx_word' id='word_1_240' title='bbox 608 3137 682 3225; x_wconf 84' lang='lat' dir='ltr'><strong>jam</strong></span> <span class='ocrx_word' id='word_1_241' title='bbox 699 3139 807 3202; x_wconf 90' lang='lat' dir='ltr'><strong>nullis</strong></span> <span class='ocrx_word' id='word_1_242' title='bbox 822 3140 964 3221; x_wconf 91' lang='lat' dir='ltr'><strong>quidem</strong></span> <span class='ocrx_word' id='word_1_243' title='bbox 976 3141 1182 3225; x_wconf 85' lang='lat' dir='ltr'><strong>scriptorum</strong></span> <span class='ocrx_word' id='word_1_244' title='bbox 1201 3138 1408 3218; x_wconf 81' lang='lat' dir='ltr'><strong>testimoniis</strong></span> <span class='ocrx_word' id='word_1_245' title='bbox 1425 3137 1660 3222; x_wconf 81' lang='lat' dir='ltr'><strong>confirmatur,</strong></span> <span class='ocrx_word' id='word_1_246' title='bbox 1673 3159 1756 3202; x_wconf 84' lang='lat' dir='ltr'><strong>eum</strong></span> 
     </span>
    </p>
   </div>
   <div class='ocr_carea' id='block_1_6' title="bbox 267 3239 1848 4500">
    <p class='ocr_par' dir='ltr' id='par_1_7' title="bbox 267 3239 1848 4500">
     <span class='ocr_line' id='line_1_26' title="bbox 346 3239 1758 3330; baseline 0.005 -31"><span class='ocrx_word' id='word_1_247' title='bbox 346 3239 392 3301; x_wconf 87' lang='lat' dir='ltr'><strong>ad</strong></span> <span class='ocrx_word' id='word_1_248' title='bbox 410 3256 579 3302; x_wconf 89' lang='lat' dir='ltr'><strong>summam</strong></span> <span class='ocrx_word' id='word_1_249' title='bbox 600 3245 795 3327; x_wconf 85' lang='lat' dir='ltr'><strong>pervenisse</strong></span> <span class='ocrx_word' id='word_1_250' title='bbox 813 3253 1039 3330; x_wconf 85' lang='lat' dir='ltr'><strong>senectutem,</strong></span> <span class='ocrx_word' id='word_1_251' title='bbox 1059 3249 1119 3309; x_wconf 90' lang='lat' dir='ltr'><strong>sed</strong></span> <span class='ocrx_word' id='word_1_252' title='bbox 1137 3244 1389 3330; x_wconf 85' lang='lat' dir='ltr'><strong>quinquaginta</strong></span> <span class='ocrx_word' id='word_1_253' title='bbox 1406 3262 1514 3307; x_wconf 88' lang='lat' dir='ltr'><strong>annos</strong></span> <span class='ocrx_word' id='word_1_254' title='bbox 1534 3252 1653 3306; x_wconf 89' lang='lat' dir='ltr'><strong>natum</strong></span> <span class='ocrx_word' id='word_1_255' title='bbox 1678 3265 1758 3308; x_wconf 90' lang='lat' dir='ltr'><strong>eum</strong></span> 
     </span>
     <span class='ocr_line' id='line_1_27' title="bbox 343 3341 1758 3434; baseline 0 -24"><span class='ocrx_word' id='word_1_256' title='bbox 343 3341 466 3410; x_wconf 79' lang='lat' dir='ltr'><strong>¹Cicero</strong></span> <span class='ocrx_word' id='word_1_257' title='bbox 487 3346 620 3426; x_wconf 59' lang='lat' dir='ltr'><strong>dictet.</strong></span> <span class='ocrx_word' id='word_1_258' title='bbox 642 3349 666 3410; x_wconf 96' lang='lat' dir='ltr'><strong>l.</strong></span> <span class='ocrx_word' id='word_1_259' title='bbox 696 3355 812 3414; x_wconf 81' lang='lat'><strong>-150.-</strong></span> <span class='ocrx_word' id='word_1_260' title='bbox 831 3349 887 3416; x_wconf 81' lang='lat' dir='ltr'><strong>At</strong></span> <span class='ocrx_word' id='word_1_261' title='bbox 901 3348 1089 3416; x_wconf 83' lang='lat' dir='ltr'><strong>Sertorius</strong></span> <span class='ocrx_word' id='word_1_262' title='bbox 1118 3371 1262 3416; x_wconf 73' lang='lat' dir='ltr'><strong>uacuus.</strong></span> <span class='ocrx_word' id='word_1_263' title='bbox 1287 3351 1369 3416; x_wconf 83' lang='lat' dir='ltr'><strong>vide</strong></span> <span class='ocrx_word' id='word_1_264' title='bbox 1390 3369 1492 3433; x_wconf 92' lang='lat' dir='ltr'><strong>supra</strong></span> <span class='ocrx_word' id='word_1_265' title='bbox 1511 3371 1547 3434; x_wconf 89' lang='lat' dir='ltr'><strong>p.</strong></span> <span class='ocrx_word' id='word_1_266' title='bbox 1570 3352 1617 3411; x_wconf 77' lang='lat'><strong>16.</strong></span> <span class='ocrx_word' id='word_1_267' title='bbox 1650 3348 1758 3411; x_wconf 79' lang='lat' dir='ltr'><strong>nuilla</strong></span> 
     </span>
     <span class='ocr_line' id='line_1_28' title="bbox 348 3449 1756 3542; baseline 0.002 -30"><span class='ocrx_word' id='word_1_268' title='bbox 348 3449 439 3512; x_wconf 90' lang='lat' dir='ltr'><strong>curis</strong></span> <span class='ocrx_word' id='word_1_269' title='bbox 476 3451 666 3534; x_wconf 67' lang='lat' dir='ltr'><strong>distentus}</strong></span> <span class='ocrx_word' id='word_1_270' title='bbox 693 3456 732 3519; x_wconf 90' lang='lat' dir='ltr'><strong>in</strong></span> <span class='ocrx_word' id='word_1_271' title='bbox 759 3457 854 3521; x_wconf 91' lang='lat' dir='ltr'><strong>bello</strong></span> <span class='ocrx_word' id='word_1_272' title='bbox 881 3459 1033 3542; x_wconf 85' lang='lat' dir='ltr'><strong>gerendo</strong></span> <span class='ocrx_word' id='word_1_273' title='bbox 1062 3475 1135 3518; x_wconf 89' lang='lat' dir='ltr'><strong>non</strong></span> <span class='ocrx_word' id='word_1_274' title='bbox 1158 3461 1352 3539; x_wconf 90' lang='lat' dir='ltr'><strong>occupatus.</strong></span> <span class='ocrx_word' id='word_1_275' title='bbox 1385 3452 1446 3515; x_wconf 87' lang='lat' dir='ltr'><strong>cfr.</strong></span> <span class='ocrx_word' id='word_1_276' title='bbox 1467 3456 1547 3516; x_wconf 91' lang='lat' dir='ltr'><strong>Tac.</strong></span> <span class='ocrx_word' id='word_1_277' title='bbox 1568 3453 1681 3538; x_wconf 80' lang='lat' dir='ltr'><strong>Agric.</strong></span> <span class='ocrx_word' id='word_1_278' title='bbox 1703 3458 1756 3535; x_wconf 84' lang='lat'><strong>37.</strong></span> 
     </span>
     <span class='ocr_line' id='line_1_29' title="bbox 346 3540 1759 3644; baseline 0 -26"><span class='ocrx_word' id='word_1_279' title='bbox 346 3573 464 3640; x_wconf 89' lang='lat' dir='ltr'><strong>oppos.</strong></span> <span class='ocrx_word' id='word_1_280' title='bbox 483 3559 692 3644; x_wconf 85' lang='lat' dir='ltr'><strong>negotiosus.</strong></span> <span class='ocrx_word' id='word_1_281' title='bbox 713 3564 839 3626; x_wconf 79' lang='lat'><strong>-151.·</strong></span> <span class='ocrx_word' id='word_1_282' title='bbox 858 3561 922 3629; x_wconf 88' lang='lat' dir='ltr'><strong>Sin</strong></span> <span class='ocrx_word' id='word_1_283' title='bbox 943 3540 992 3626; x_wconf 80' lang='lat' dir='ltr'><strong>vis</strong></span> <span class='ocrx_word' id='word_1_284' title='bbox 1012 3557 1180 3626; x_wconf 85' lang='lat' dir='ltr'><strong>obsistat.</strong></span> <span class='ocrx_word' id='word_1_285' title='bbox 1200 3561 1425 3622; x_wconf 91' lang='lat' dir='ltr'><strong>Obsessorum</strong></span> <span class='ocrx_word' id='word_1_286' title='bbox 1446 3559 1518 3620; x_wconf 86' lang='lat' dir='ltr'><strong>haec</strong></span> <span class='ocrx_word' id='word_1_287' title='bbox 1541 3559 1663 3636; x_wconf 82' lang='lat' dir='ltr'><strong>verba3</strong></span> <span class='ocrx_word' id='word_1_288' title='bbox 1689 3557 1759 3644; x_wconf 84' lang='lat' dir='ltr'><strong>igi-</strong></span> 
     </span>
     <span class='ocr_line' id='line_1_30' title="bbox 343 3647 1758 3753; baseline 0.004 -31"><span class='ocrx_word' id='word_1_289' title='bbox 343 3665 401 3723; x_wconf 88' lang='lat' dir='ltr'><strong>tur</strong></span> <span class='ocrx_word' id='word_1_290' title='bbox 427 3663 470 3725; x_wconf 90' lang='lat' dir='ltr'><strong>de</strong></span> <span class='ocrx_word' id='word_1_291' title='bbox 490 3662 665 3752; x_wconf 77' lang='lat' dir='ltr'><strong>fugitivis,</strong></span> <span class='ocrx_word' id='word_1_292' title='bbox 687 3687 708 3729; x_wconf 87' lang='lat' dir='ltr'><strong>a</strong></span> <span class='ocrx_word' id='word_1_293' title='bbox 727 3667 846 3732; x_wconf 85' lang='lat' dir='ltr'><strong>Crasso</strong></span> <span class='ocrx_word' id='word_1_294' title='bbox 866 3669 1030 3753; x_wconf 90' lang='lat' dir='ltr'><strong>operibus</strong></span> <span class='ocrx_word' id='word_1_295' title='bbox 1051 3665 1195 3750; x_wconf 87' lang='lat' dir='ltr'><strong>clausis,</strong></span> <span class='ocrx_word' id='word_1_296' title='bbox 1214 3664 1270 3728; x_wconf 81' lang='lat' dir='ltr'><strong>vel</strong></span> <span class='ocrx_word' id='word_1_297' title='bbox 1292 3667 1336 3729; x_wconf 89' lang='lat' dir='ltr'><strong>de</strong></span> <span class='ocrx_word' id='word_1_298' title='bbox 1355 3662 1622 3748; x_wconf 80' lang='lat' dir='ltr'><strong>Calaguritanis,</strong></span> <span class='ocrx_word' id='word_1_299' title='bbox 1641 3663 1698 3727; x_wconf 79' lang='lat' dir='ltr'><strong>rel</strong></span> <span class='ocrx_word' id='word_1_300' title='bbox 1710 3647 1758 3728; x_wconf 33' lang='lat' dir='ltr'><strong>*de</strong></span> 
     </span>
     <span class='ocr_line' id='line_1_31' title="bbox 342 3746 1848 3861; baseline 0.001 -33"><span class='ocrx_word' id='word_1_301' title='bbox 342 3766 647 3850; x_wconf 86' lang='lat' dir='ltr'><strong>Heracleensibus,</strong></span> <span class='ocrx_word' id='word_1_302' title='bbox 679 3775 735 3861; x_wconf 74' lang='lat' dir='ltr'><strong>rel</strong></span> <span class='ocrx_word' id='word_1_303' title='bbox 770 3777 813 3838; x_wconf 89' lang='lat' dir='ltr'><strong>de</strong></span> <span class='ocrx_word' id='word_1_304' title='bbox 848 3773 1034 3858; x_wconf 37' lang='lat' dir='ltr'><strong>Amisenis·</strong></span> <span class='ocrx_word' id='word_1_305' title='bbox 1054 3773 1121 3835; x_wconf 89' lang='lat' dir='ltr'><strong>hoc</strong></span> <span class='ocrx_word' id='word_1_306' title='bbox 1148 3771 1281 3834; x_wconf 91' lang='lat' dir='ltr'><strong>dictum</strong></span> <span class='ocrx_word' id='word_1_307' title='bbox 1308 3767 1413 3835; x_wconf 87' lang='lat' dir='ltr'><strong>fuisse</strong></span> <span class='ocrx_word' id='word_1_308' title='bbox 1434 3746 1589 3834; x_wconf 77' lang='lat' dir='ltr'><strong>¹videtur.</strong></span> <span class='ocrx_word' id='word_1_309' title='bbox 1639 3771 1760 3832; x_wconf 68' lang='lat' dir='ltr'><strong>-rim-</strong></span> <span class='ocrx_word' id='word_1_310' title='bbox 1843 3801 1848 3806; x_wconf 94' lang='lat'><em>·</em></span> 
     </span>
     <span class='ocr_line' id='line_1_32' title="bbox 292 3861 1757 3968; baseline 0.001 -34"><span class='ocrx_word' id='word_1_311' title='bbox 292 3929 294 3934; x_wconf 91' lang='lat'><strong>.</strong></span> <span class='ocrx_word' id='word_1_312' title='bbox 346 3861 522 3949; x_wconf 82' lang='lat' dir='ltr'><strong>Consedit</strong></span> <span class='ocrx_word' id='word_1_313' title='bbox 544 3884 606 3938; x_wconf 90' lang='lat' dir='ltr'><strong>etc.</strong></span> <span class='ocrx_word' id='word_1_314' title='bbox 634 3872 799 3966; x_wconf 74' lang='lat' dir='ltr'><strong>uirgulta</strong></span> <span class='ocrx_word' id='word_1_315' title='bbox 829 3878 996 3956; x_wconf 86' lang='lat' dir='ltr'><strong>adjective</strong></span> <span class='ocrx_word' id='word_1_316' title='bbox 1022 3871 1061 3940; x_wconf 89' lang='lat' dir='ltr'><strong>ut</strong></span> <span class='ocrx_word' id='word_1_317' title='bbox 1081 3871 1175 3961; x_wconf 84' lang='lat' dir='ltr'><strong>apud</strong></span> <span class='ocrx_word' id='word_1_318' title='bbox 1201 3875 1262 3939; x_wconf 88' lang='lat' dir='ltr'><strong>Sil.</strong></span> <span class='ocrx_word' id='word_1_319' title='bbox 1284 3875 1394 3941; x_wconf 84' lang='lat' dir='ltr'><strong>Italic.</strong></span> <span class='ocrx_word' id='word_1_320' title='bbox 1425 3891 1475 3938; x_wconf 85' lang='lat'><strong>12.</strong></span> <span class='ocrx_word' id='word_1_321' title='bbox 1507 3877 1578 3968; x_wconf 69' lang='lat'><strong>354.</strong></span> <span class='ocrx_word' id='word_1_322' title='bbox 1606 3875 1669 3936; x_wconf 90' lang='lat' dir='ltr'><strong>ubi</strong></span> <span class='ocrx_word' id='word_1_323' title='bbox 1694 3873 1757 3948; x_wconf 84' lang='lat' dir='ltr'><strong>alii</strong></span> 
     </span>
     <span class='ocr_line' id='line_1_33' title="bbox 344 3969 1758 4064; baseline 0.004 -31"><span class='ocrx_word' id='word_1_324' title='bbox 344 3969 468 4057; x_wconf 85' lang='lat' dir='ltr'><strong>legunt</strong></span> <span class='ocrx_word' id='word_1_325' title='bbox 488 3980 647 4041; x_wconf 85' lang='lat' dir='ltr'><strong>occulta.</strong></span> <span class='ocrx_word' id='word_1_326' title='bbox 669 3990 819 4044; x_wconf 87' lang='lat' dir='ltr'><strong>ceterum</strong></span> <span class='ocrx_word' id='word_1_327' title='bbox 841 4003 913 4044; x_wconf 90' lang='lat' dir='ltr'><strong>non</strong></span> <span class='ocrx_word' id='word_1_328' title='bbox 932 3983 1047 4045; x_wconf 87' lang='lat' dir='ltr'><strong>minus</strong></span> <span class='ocrx_word' id='word_1_329' title='bbox 1064 3983 1194 4046; x_wconf 89' lang='lat' dir='ltr'><strong>incerta</strong></span> <span class='ocrx_word' id='word_1_330' title='bbox 1214 3980 1463 4064; x_wconf 83' lang='lat' dir='ltr'><strong>interpretatio.</strong></span> <span class='ocrx_word' id='word_1_331' title='bbox 1490 3983 1577 4042; x_wconf 90' lang='lat' dir='ltr'><strong>Nam</strong></span> <span class='ocrx_word' id='word_1_332' title='bbox 1596 3978 1758 4043; x_wconf 86' lang='lat' dir='ltr'><strong>omnibus</strong></span> 
     </span>
     <span class='ocr_line' id='line_1_34' title="bbox 343 4071 1757 4164; baseline 0.004 -26"><span class='ocrx_word' id='word_1_333' title='bbox 343 4071 418 4148; x_wconf 81' lang='lat' dir='ltr'><strong>fere</strong></span> <span class='ocrx_word' id='word_1_334' title='bbox 442 4075 529 4140; x_wconf 77' lang='lat' dir='ltr'><strong>locis</strong></span> <span class='ocrx_word' id='word_1_335' title='bbox 560 4087 593 4142; x_wconf 90' lang='lat' dir='ltr'><strong>et</strong></span> <span class='ocrx_word' id='word_1_336' title='bbox 620 4084 824 4150; x_wconf 82' lang='lat' dir='ltr'><strong>exercitibus</strong></span> <span class='ocrx_word' id='word_1_337' title='bbox 859 4087 933 4152; x_wconf 80' lang='lat' dir='ltr'><strong>haec</strong></span> <span class='ocrx_word' id='word_1_338' title='bbox 965 4089 1187 4153; x_wconf 76' lang='lat' dir='ltr'><strong>conveniunt.</strong></span> <span class='ocrx_word' id='word_1_339' title='bbox 1235 4090 1355 4154; x_wconf 80' lang='lat'><strong>-153.-</strong></span> <span class='ocrx_word' id='word_1_340' title='bbox 1389 4087 1590 4151; x_wconf 87' lang='lat' dir='ltr'><strong>Paululum</strong></span> <span class='ocrx_word' id='word_1_341' title='bbox 1617 4078 1757 4164; x_wconf 82' lang='lat' dir='ltr'><strong>requic-</strong></span> 
     </span>
     <span class='ocr_line' id='line_1_35' title="bbox 346 4175 1758 4276; baseline 0.006 -35"><span class='ocrx_word' id='word_1_342' title='bbox 346 4175 395 4242; x_wconf 89' lang='lat' dir='ltr'><strong>tis</strong></span> <span class='ocrx_word' id='word_1_343' title='bbox 419 4175 607 4249; x_wconf 85' lang='lat' dir='ltr'><strong>militibus.</strong></span> <span class='ocrx_word' id='word_1_344' title='bbox 633 4185 820 4268; x_wconf 84' lang='lat' dir='ltr'><strong>requietus</strong></span> <span class='ocrx_word' id='word_1_345' title='bbox 838 4191 965 4274; x_wconf 91' lang='lat' dir='ltr'><strong>passim</strong></span> <span class='ocrx_word' id='word_1_346' title='bbox 986 4213 1039 4276; x_wconf 91' lang='lat' dir='ltr'><strong>ap.</strong></span> <span class='ocrx_word' id='word_1_347' title='bbox 1063 4193 1247 4275; x_wconf 89' lang='lat' dir='ltr'><strong>scriptores</strong></span> <span class='ocrx_word' id='word_1_348' title='bbox 1266 4193 1395 4260; x_wconf 85' lang='lat' dir='ltr'><strong>latinos</strong></span> <span class='ocrx_word' id='word_1_349' title='bbox 1422 4199 1461 4254; x_wconf 90' lang='lat' dir='ltr'><strong>ut</strong></span> <span class='ocrx_word' id='word_1_350' title='bbox 1476 4190 1627 4273; x_wconf 86' lang='lat' dir='ltr'><strong>juratus,</strong></span> <span class='ocrx_word' id='word_1_351' title='bbox 1645 4206 1758 4252; x_wconf 84' lang='lat' dir='ltr'><strong>coena-</strong></span> 
     </span>
     <span class='ocr_line' id='line_1_36' title="bbox 345 4277 1757 4381; baseline 0.008 -33"><span class='ocrx_word' id='word_1_352' title='bbox 345 4289 399 4350; x_wconf 86' lang='lat' dir='ltr'><strong>tus</strong></span> <span class='ocrx_word' id='word_1_353' title='bbox 418 4277 484 4352; x_wconf 83' lang='lat' dir='ltr'><strong>etc.¹</strong></span> <span class='ocrx_word' id='word_1_354' title='bbox 503 4299 704 4374; x_wconf 65' lang='lat' dir='ltr'><strong>usurpatum</strong></span> <span class='ocrx_word' id='word_1_355' title='bbox 727 4295 798 4360; x_wconf 90' lang='lat' dir='ltr'><strong>imo</strong></span> <span class='ocrx_word' id='word_1_356' title='bbox 822 4297 946 4381; x_wconf 85' lang='lat' dir='ltr'><strong>saepius</strong></span> <span class='ocrx_word' id='word_1_357' title='bbox 962 4295 1124 4374; x_wconf 86' lang='lat' dir='ltr'><strong>adjectivi</strong></span> <span class='ocrx_word' id='word_1_358' title='bbox 1140 4297 1218 4360; x_wconf 90' lang='lat' dir='ltr'><strong>loco</strong></span> <span class='ocrx_word' id='word_1_359' title='bbox 1236 4286 1390 4380; x_wconf 80' lang='lat' dir='ltr'><strong>ponit&#39;ur.</strong></span> <span class='ocrx_word' id='word_1_360' title='bbox 1412 4294 1471 4357; x_wconf 87' lang='lat' dir='ltr'><strong>cir.</strong></span> <span class='ocrx_word' id='word_1_361' title='bbox 1490 4297 1515 4356; x_wconf 88' lang='lat' dir='ltr'>F</span> <span class='ocrx_word' id='word_1_362' title='bbox 1517 4293 1672 4358; x_wconf 88' lang='lat' dir='ltr'><strong>orcellin.</strong></span> <span class='ocrx_word' id='word_1_363' title='bbox 1685 4311 1711 4357; x_wconf 89' lang='lat' dir='ltr'><strong>s.</strong></span> <span class='ocrx_word' id='word_1_364' title='bbox 1726 4315 1757 4360; x_wconf 79' lang='lat' dir='ltr'><strong>v,</strong></span> 
     </span>
     <span class='ocr_line' id='line_1_37' title="bbox 267 4388 1757 4500; baseline 0.004 -45"><span class='ocrx_word' id='word_1_365' title='bbox 267 4427 274 4438; x_wconf 87' lang='lat'><strong>·</strong></span> <span class='ocrx_word' id='word_1_366' title='bbox 346 4394 469 4470; x_wconf 77' lang='lat'><strong>-154.·</strong></span> <span class='ocrx_word' id='word_1_367' title='bbox 490 4392 567 4479; x_wconf 84' lang='lat' dir='ltr'><strong>Qui</strong></span> <span class='ocrx_word' id='word_1_368' title='bbox 586 4399 691 4464; x_wconf 91' lang='lat' dir='ltr'><strong>nullo</strong></span> <span class='ocrx_word' id='word_1_369' title='bbox 717 4407 818 4466; x_wconf 85' lang='lat' dir='ltr'><strong>certo</strong></span> <span class='ocrx_word' id='word_1_370' title='bbox 845 4397 973 4466; x_wconf 79' lang='lat' dir='ltr'><strong>exsilio</strong></span> <span class='ocrx_word' id='word_1_371' title='bbox 1006 4388 1246 4486; x_wconf 75' lang='lat' dir='ltr'><strong>vagabantur.</strong></span> <span class='ocrx_word' id='word_1_372' title='bbox 1269 4407 1352 4485; x_wconf 83' lang='lat' dir='ltr'><strong>puta</strong></span> <span class='ocrx_word' id='word_1_373' title='bbox 1376 4399 1518 4483; x_wconf 89' lang='lat' dir='ltr'><strong>Lepidi,</strong></span> <span class='ocrx_word' id='word_1_374' title='bbox 1538 4398 1683 4467; x_wconf 85' lang='lat' dir='ltr'><strong>Sertorii</strong></span> <span class='ocrx_word' id='word_1_375' title='bbox 1701 4397 1757 4500; x_wconf 60' lang='lat' dir='ltr'><strong>pel</strong></span> 
     </span>
    </p>
   </div>
   <div class='ocr_carea' id='block_1_7' title="bbox 0 0 2120 5348">
    <p class='ocr_par' dir='ltr' id='par_1_8' title="bbox 0 0 2120 5348">
     <span class='ocr_line' id='line_1_38' title="bbox 0 0 2120 5348; baseline 0 2"><span class='ocrx_word' id='word_1_376' title='bbox 0 0 2120 5348; x_wconf 95' lang='lat' dir='ltr'><strong> </strong></span> 
     </span>
    </p>
   </div>
  </div>
 </body>
</html>
