4230 5348
371 426 443 504 ua,

371 633 451 688 rum
477 630 679 686 consensum
703 610 774 689 ejus
795 627 832 672 os
854 608 1054 692 improbum
1074 605 1219 691 dixerit,
1245 608 1305 670 sed
1318 607 1429 672 'talem
1453 608 1707 692 oppositionem
1728 634 1782 682 re·

370 739 466 800 rum,
489 740 566 802 quae
583 719 688 804 vulgo
706 734 803 801 pares
819 713 1071 797 existimentur,
1089 719 1122 777 et
1138 732 1263 775 noram
1282 717 1315 776 et
1334 712 1482 777 salustio
1502 714 1654 800 dignam.
1675 741 1782 800 quare

316 827 319 832 '
369 824 497 906 nescio,
515 845 559 886 an
577 825 626 899 ita
639 821 894 902 emendandum
908 819 1122 898 sit,‘maximc
1139 839 1217 882 cum
1234 818 1338 883 lectio
1353 815 1477 884 animo
1490 817 1727 889 inverecundo
1743 824 1782 890 in

368 925 471 1004 bonis
492 925 592 987 libris
613 924 668 991 sit.
702 899 784 1005 -7⁹·
803 920 989 1012 Simulatis
1014 921 1086 989 sibi
1108 926 1227 988 alvum
1242 928 1414 1011 purgari.
1435 924 1495 987 cfr.
1516 926 1606 993 Plut.
1627 931 1713 991 Mar.
1733 934 1783 994 30.

368 1014 543 1128 τρέφων
579 1011 697 1121 λέγων’
728 1014 812 1126 rrpic
847 1015 1056 1130 ἅμφὸτὲρους
1082 1029 1210 1112 κοιλίας
1237 1013 1412 1132 triplam,
1436 1019 1518 1112 ¹quae
1534 1033 1691 1097 hocloco
1710 1015 1783 1097 Mass

368 1141 424 1205 rio
443 1141 584 1206 crimini
601 1145 703 1206 datur
719 1142 810 1224 foeda
829 1143 980 1220 malitia;
1003 1147 1148 1220 eandem
1159 1143 1280 1208 mortis
1299 1163 1431 1206 moram
1451 1145 1644 1226 quaesivisse
1655 1146 1783 1210 dicitur

368 1247 497 1326 Carbo,
517 1267 597 1310 cum
622 1248 780 1332 Pompeji
806 1249 905 1328 jussu
932 1252 977 1312 ad
1003 1257 1150 1313 mortem
1178 1251 1370 1312 duceretur.
1392 1248 1452 1312 cfr.
1472 1252 1560 1314 Plut.
1586 1255 1706 1336 Pomp.
1734 1273 1782 1316 ιο.

366 1353 480 1426 utrius
498 1353 635 1417 nomini
647 1353 812 1416 Salustius
826 1358 916 1432 hanc
934 1354 1160 1438 turpitudinis
1179 1361 1297 1416 notam
1315 1352 1492 1436 inusserit,
1513 1355 1700 1431 incertum;
1721 1359 1782 1420 sed

365 1466 508 1541 propter
525 1456 567 1519 lr.
577 1459 627 1520 52.
645 1458 770 1540 potius
786 1461 831 1522 ad
847 1460 1038 1522 Carbonem
1050 1457 1246 1533 retulerim,
1270 1475 1383 1538 neque
1395 1464 1584 1540 putaverim
1597 1459 1783 1523 Salustium

364 1569 436 1624 tam
462 1561 538 1625 fuse
568 1565 611 1625 de
635 1561 814 1625 Saturnini
837 1563 1009 1628 seditione
1042 1563 1167 1650 egisse,
1188 1581 1264 1624 oum
1283 1562 1357 1625 haec
1381 1561 1653 1648 digressionibus
1672 1572 1783 1628 essent

364 1669 566 1730 enarranda.
591 1669 697 1736 Debr.
716 1669 901 1754 ridiculus,
933 1668 996 1750 qui
1017 1667 1144 1732 iisdem
1163 1665 1278 1732 verbis
1306 1666 1487 1749 utriusque
1508 1668 1737 1754 ignominiam
1762 1690 1784 1732 a
1848 1671 1851 1678 ’

362 1770 511 1833 salustio
533 1779 687 1834 notatam
698 1773 828 1836 statuit.
846 1793 950 1834 -ro.·
969 1773 1079 1837 Inter
1096 1794 1203 1836 arma
1216 1809 1259 1825 -
1266 1767 1400 1862 famas
1409 1769 1508 1856 petit
1528 1773 1592 1836 cfr.
1614 1775 1658 1837 ad
1682 1775 1783 1838 Catil.

365 1895 396 1942 c.
423 1876 473 1938 15.
493 1877 568 1938 haec
585 1876 648 1938 lib.
675 1897 702 1937 1.
727 1877 766 1940 in
788 1878 903 1940 Catuli
929 1876 1081 1940 laudem'
1096 1877 1190 1942 dicta
1211 1878 1318 1944 fuisse
1338 1880 1499 1943 Dehross.
1531 1881 1656 1942 statuit.
1685 1902 1785 1942 -11.-
1860 1901 1863 1904 ·

363 1979 490 2047 Haud
508 1975 679 2068 impigre,
707 2000 822 2062 neque
844 1977 986 2045 inultus
1007 1978 1203 2047 occiditur.
1229 1986 1327 2048 loeus
1341 1983 1478 2048 videtur
1498 2005 1570 2048 esse
1586 1992 1782 2082 corruptus²

364 2087 512 2165 alterum
531 2084 627 2147 enim
642 2085 837 2167 membrum
854 2107 934 2147 cum
951 2088 1061 2150 altero
1075 2096 1224 2172 pugnat3
1246 2092 1307 2153 sed
1323 2090 1399 2154 sine
1413 2086 1592 2152 codicibus
1611 2090 1782 2152 medelam

365 2190 534 2254 adhibere
563 2187 811 2273 dubitaverim,
841 2189 991 2252 maxime
1028 2211 1127 2268 cum,
1155 2211 1225 2271 quo
1253 2193 1337 2280 haecn
1351 2190 1535 2258 referenda
1557 2191 1641 2274 sint,
1660 2213 1783 2276 parum

365 2304 497 2362 certum
526 2295 581 2358 sit.
609 2277 762 2378 Spartaci
794 2295 890 2360 enim
924 2294 1050 2360 acriter
1081 2296 1270 2381 pugnantis
1299 2304 1448 2363 mortem
1474 2297 1664 2383 significari
1694 2297 1783 2362 mihi

363 2401 506 2484 quidem
527 2421 600 2465 non
609 2420 809 2486 persuasum
831 2407 891 2464 est.
911 2418 1009 2464 -12.-
1028 2397 1311 2466 Festinantibus
1329 2408 1393 2472 etc,
1413 2411 1556 2484 propter
1569 2404 1783 2468 mentionem

364 2503 499 2591 bropioe
519 2506 773 2588 injectamhaec
793 2504 839 2568 ad
857 2502 1046 2566 tumultum
1076 2504 1112 2567 G.
1138 2502 1281 2567 Aurelio
1310 2504 1408 2566 Cotta
1428 2506 1503 2566 Cos.
1530 2508 1649 2573 Romae
1668 2516 1783 2573 ortum
1839 2523 1847 2538 ·

363 2611 537 2698 pertinere
562 2603 754 2676 verisimile
788 2615 848 2708 est.
876 2621 978 2682 -14.·
997 2602 1216 2670 Exercitum
1242 2615 1400 2696 argento
1422 2603 1534 2697 fecit.
1561 2612 1617 2683 «h.
1640 2630 1668 2673 e.
1690 2631 1783 2673 com-

363 2716 514 2802 paravit,
533 2714 620 2798 sive,
633 2721 672 2777 ut
683 2709 985 2795 Seneca,pecunia
996 2709 1140 2792 pararit.
1160 2709 1216 2771 Sic
1233 2709 1308 2793 ipse
1328 2712 1446 2777 Cicero
1465 2714 1648 2797 pecuniam
1661 2714 1783 2796 facere;

360 2811 406 2887 V..
422 2823 518 2887 Verr.
532 2839 560 2882 c.
575 2821 675 2880 XXX:
693 2819 724 2882 si
743 2817 859 2901 pridie
880 2817 984 2877 domo
1000 2821 1060 2874 tua
1074 2811 1298 2898 profugisset,
1319 2818 1350 2878 si
1365 2819 1516 2898 aliquam
1538 2839 1680 2882 manum
1700 2841 1783 2884 con-

364 2933 417 2990 tra
434 2923 605 3010 populum
626 2926 728 2989 Rom.
749 2922 862 2985 facere
885 2918 1053 3004 potuisset
1076 2922 1116 2985 V·
1142 2919 1230 2990 Phil.
1251 2940 1280 2986 c.
1307 2922 1361 2982 16:
1385 2922 1545 3005 princeps
1565 2922 1634 2986 fuit
1651 2927 1781 2988 exeneis

363 3039 420 3095 tus
431 3029 583 3094 faciendi
597 3036 631 3092 et
644 3025 799 3111 praesidii
818 3023 1053 3109 comparandi.
1073 3024 1163 3110 lllor.
1178 3025 1239 3087 111.
1253 3044 1284 3087 c.
1298 3024 1386 3086 XIX.
1404 3044 1437 3086 n.
1459 3027 1493 3087 6:
1511 3046 1592 3088 mox
1603 3026 1681 3104 jure
1694 3028 1782 3092 belli

362 3115 519 3202 refractis
546 3131 728 3220 ergastulis
756 3129 931 3214 sexaginta
954 3127 1103 3212 amplius
1136 3127 1289 3190 millium
1315 3127 1397 3192 fecit
1430 3130 1647 3194 exercitum.»
1688 3135 1780 3196 Cort.
1800 3113 1802 3118 ¹

364 3243 473 3303 -16.-
491 3238 554 3303 Ibi
567 3232 728 3302 triennio
737 3230 894 3325 frustra
915 3227 1019 3297 trito.
1040 3234 1114 3298 haec
1126 3234 1171 3295 ad
1187 3232 1372 3296 Servilium
1392 3236 1489 3298 Proc.
1506 3235 1637 3300 cniciae
1653 3237 1782 3302 referre

365 3347 465 3430 licet,
485 3345 546 3426 qui
569 3341 736 3425 Eutropio
755 3347 840 3403 teste
860 3346 929 3410 tres
954 3337 1118 3423 deinceps
1134 3357 1244 3422 annos
1266 3338 1401 3402 bellum
1422 3348 1541 3426 contra
1559 3341 1687 3424 piratas
1707 3362 1781 3426 ges-

365 3451 420 3516 sit.
440 3449 502 3513 cfr.
522 3467 625 3533 supra
646 3465 723 3530 pag.
745 3447 775 3511 8.
801 3450 836 3509 et
857 3464 887 3522 9.
912 3461 962 3505 ao.
990 3463 1025 3516 n,

444 3549 582 3622 Oratio
595 3547 668 3617 Coi
677 3549 799 3616 Cottoe
811 3548 862 3611 ad
870 3549 1049 3630 populum
1061 3548 1166 3614 Rom.
1178 3546 1227 3610 ita
1234 3550 1310 3613 Vat.
1324 3568 1351 3610 1.
1372 3543 1509 3614 Oratio
1525 3548 1648 3615 Cottoe
1658 3554 1734 3617 Vat.
1749 3569 1779 3614 a.

364 3662 455 3728 hanc
466 3657 668 3722 Orationem
680 3657 725 3718 ad
735 3655 796 3716 111.
809 3652 939 3717 librum
948 3651 1141 3736 pertinere,
1154 3652 1292 3720 nullum
1303 3660 1354 3716 est
1366 3653 1529 3730 dubium3
1546 3655 1674 3740 quippe
1685 3661 1781 3739 quod

361 3765 437 3844 jam
453 3765 559 3828 Codd.
576 3771 609 3827 et
630 3761 720 3828 Edit.
737 3757 851 3823 Princ.
864 3760 996 3824 Veneta
1014 3760 1178 3834 doceant,
1199 3758 1263 3823 ubi
1278 3767 1357 3822 ante
1376 3760 1569 3823 orationem
1588 3763 1635 3824 M.
1651 3761 1780 3828 Licinii
1829 3819 1831 3824 .

365 3870 495 3952 scripta
503 3875 563 3931 est.
571 3865 711 3931 Accedit
719 3865 828 3948 ipsius
838 3862 1249 3934 noministestimonium:
1262 3863 1342 3940 Cajo
1350 3863 1549 3928 enimCotta
1558 3868 1631 3929 Cos.
1638 3866 1779 3930 seditio·

366 3989 428 4038 nes
438 3971 632 4038 domesticae
643 3980 727 4035 ortae
736 3978 825 4052 sunt,
833 3967 1009 4050 dequibus
1019 3968 1099 4033 vide
1107 3987 1209 4051 supra
1217 3989 1251 4050 p.
1264 3970 1310 4028 16.
1320 3986 1340 4029 a
1350 3970 1395 4029 M.
1405 3969 1502 4032 enim
1510 3973 1616 4036 cottae
1622 3991 1776 4055 persona,

366 4075 429 4158 qui
438 4076 532 4158 leges
543 4093 563 4136 a
573 4071 677 4138 fratre
687 4074 726 4136 in
734 4074 857 4158 populi
868 4072 1013 4159 gratiam
1023 4071 1110 4134 latas
1123 4070 1322 4167 abrogavit,
1335 4072 1411 4135 talis
1422 4074 1535 4139 oratio
1548 4075 1651 4157 plane
1663 4075 1779 4142 aliena

364 4179 449 4259 fuit,
472 4198 513 4245 eo
530 4178 623 4242 enim
641 4198 732 4243 anno
746 4186 859 4263 patres
872 4177 1002 4262 populo
1018 4197 1097 4256 non,
1107 4174 1393 4261 blandiebantur,
1414 4181 1474 4243 sed
1487 4179 1602 4263 potius
1614 4177 1777 4242 inhomi.

365 4307 428 4358 nes
442 4285 625 4374 populares
639 4285 833 4353 sariebant.
847 4284 907 4350 cfr.
922 4284 1017 4347 Orat.
1026 4271 1028 4275 '
1037 4280 1146 4346 Licin.
1160 4302 1196 4368 p.
1208 4283 1278 4358 254.
1292 4291 1326 4351 et
1338 4292 1473 4349 nostros
1484 4287 1614 4348 comm.
1628 4303 1729 4368 supra
1741 4305 1776 4368 p.
