4282 5390
435 497 487 566 no'

434 684 633 748 auctorest.
656 684 685 744 s.
705 687 735 754 4.
756 671 939 759 Eutropius
961 683 1101 754 quoque
1128 685 1208 734 eum
1232 683 1341 753 usque
1363 668 1407 732 ad
1427 669 1625 736 Danubium
1646 669 1842 757 penetrasse
1881 665 1883 668 ’

435 785 720 874 triumphumque
734 781 898 848 meruisse
914 783 949 842 et
968 777 1062 840 intra
1081 775 1270 840 triennium
1284 776 1389 859 finem
1407 774 1502 840 bello
1524 777 1728 860 imposuisse
1740 786 1844 846 testa·

435 899 505 960 tur.
525 893 587 956 cfr.
605 897 698 955 Brea.
718 889 775 951 VI.
791 905 821 945 n.
850 881 987 948 Accedit
1006 883 1198 947 sextilius
1222 881 1468 946 testimonium.
1493 902 1522 946 o.
1543 883 1619 949 V11.
1643 887 1844 957 ,Dardanos

418 1006 473 1074 ¹‚et
486 1001 617 1061 Moesos
628 989 734 1054 Curio
750 990 939 1056 Proconsul
953 989 1106 1076 subegit,
1128 994 1163 1056 et
1177 986 1312 1076 primus
1328 989 1568 1052 Romanorum
1581 989 1627 1050 ad
1642 986 1844 1068 Danubium

434 1115 545 1184 usque
560 1097 754 1186 pervenit.»
859 1107 864 1122 ’

410 1301 599 1412 ‚nnnc
619 1234 718 1381 sno.
731 1299 959 1380 ucexxn
976 1299 1203 1378 oonnznn
1216 1253 1876 1417 ntomnznmnmnenn'
1969 1327 1971 1330 -
2038 1350 2040 1358 .
2126 1263 2127 1302 ³

1082 1426 1198 1503 Cotta.

405 1589 414 1626 ⁵
432 1643 436 1650 ,
520 1611 674 1695 Populus
684 1611 863 1676 Romanus
874 1611 1006 1675 dunhus
1022 1608 1212 1696 provinciis
1223 1613 1341 1674 auctus
1358 1611 1418 1672 est.
1437 1609 1524 1672 Nam
1533 1609 1567 1672 et
1581 1605 1727 1690 Cyrene,
1741 1621 1847 1699 quam

332 1739 336 1744 ¹
441 1714 555 1778 adhuc
573 1717 605 1779 S.
624 1719 662 1781 P.
683 1719 725 1802 Q.
740 1720 783 1781 R.
797 1718 945 1782 liberam
961 1737 1032 1782 esse
1046 1717 1221 1799 voluerat,
1242 1725 1276 1781 et
1289 1712 1469 1799 Bithynia,
1489 1710 1585 1789 cujus
1601 1711 1766 1775 heredem
1785 1707 1848 1776 Ni·

430 1823 598 1886 eomedes
617 1844 677 1888 rex
694 1826 846 1890 moriens
872 1824 1042 1909 populum
1061 1825 1258 1888 Romanum
1275 1811 1487 1902 instituerat,
1507 1817 1547 1880 in
1565 1815 1750 1906 provinciae
1777 1810 1848 1876 for-
1883 1842 1888 1852 ·

428 1942 535 1986 mam
554 1930 691 1992 redacta
708 1938 767 1994 est.
786 1932 860 1995 Liv.
878 1929 964 2015 Epis.
976 1935 1027 2010 93.
1046 1931 1134 2015 App.
1154 1934 1190 1993 Β.
1208 1929 1280 1994 Civ.
1301 1949 1371 1993 111.
1398 1928 1475 2010 Qua
1488 1943 1525 1988 re
1538 1923 1697 1986 incensus
1710 1913 1852 1983 Mithriss
1891 2011 1895 2018 Ι

442 2029 554 2115 dates,
573 2031 701 2131 foestere
721 2057 800 2099 cum
818 2036 970 2102 Sertorio
985 2036 1070 2114 icto,
1090 2037 1224 2099 bellum
1237 2033 1370 2120 populo
1384 2033 1543 2094 Romano
1555 2025 1692 2101 intulit.
1703 2019 1851 2086 Liv.l.l.

383 2132 387 2139 ’
427 2130 555 2210 :Igitur
569 2137 736 2210 Bithynia
750 2141 934 2214 provincia
955 2141 1248 2215 enemy-cilinia,
1267 2137 1404 2194 eeneii
1423 2132 1637 2215 proconsulis
1656 2135 1769 2190 morte
1787 2145 1846 2188 va-

443 2251 523 2316 cua,
538 2231 684 2295 Lucullo
706 2236 786 2296 data
799 2243 859 2299 est.
877 2236 955 2298 Liv.
969 2236 994 2296 1.
1013 2235 1038 2296 l.
1056 2235 1124 2295 Cic.
1140 2255 1206 2315 pro
1224 2235 1383 2292 Muraena
1397 2256 1428 2290 n.
1442 2238 1529 2299 ιε...
1539 2243 1581 2290 ut
1601 2225 1850 2294 alter-..Mithri-

443 2338 558 2402 datem
573 2347 854 2426 persequeretur,
877 2340 965 2404 alter
982 2335 1185 2420 Bithyniam
1207 2335 1399 2396 tueretur.»
1417 2328 1507 2390 Plut.
1523 2330 1605 2393 Luc.
1623 2332 1652 2395 5.
1672 2333 1701 2396 6.

527 2443 685 2508 Ceterum
698 2445 739 2504 in
752 2444 840 2500 urbe
855 2440 1043 2497 seditiones
1057 2436 1253 2496 tribuniciae
1270 2435 1485 2497 recruduere.
1504 2433 1543 2494 L.
1554 2434 1850 2517 Quinctiusenim,

427 2549 487 2610 -in
517 2549 567 2628 pl.
587 2550 696 2606 homo
724 2539 959 2616 turbulentus,
980 2536 1107 2601 iterum
1127 2539 1174 2600 de
1192 2535 1326 2622 legibus
1350 2536 1519 2606 Corneliis
1549 2538 1754 2623 subrogandis
1779 2541 1850 2626 egit

397 2689 398 2699 .
446 2665 606 2730 aegreque
637 2645 777 2710 Luculli
810 2643 971 2730 precibus
1008 2650 1042 2708 et
1063 2641 1171 2708 minis
1196 2663 1216 2706 a
1242 2642 1389 2726 consilio
1417 2641 1578 2727 depulsus
1596 2651 1656 2707 est.
1676 2643 1738 2709 cfr.
1759 2645 1850 2710 Plut.

445 2751 581 2814 Lucull.
603 2754 632 2815 5.
661 2754 729 2816 Sal.
753 2751 876 2838 fragm.
903 2753 933 2813 5.
954 2766 1005 2817 22.
1033 2749 1093 2818 Or.
1111 2751 1159 2812 M.
1176 2746 1306 2812 Licinii
1327 2756 1369 2811 tr.
1390 2748 1439 2835 pl.
1460 2752 1505 2813 ad
1524 2749 1673 2834 pleBem.
1696 2749 1764 2815 Cic.
1784 2770 1848 2835 pro

446 2855 580 2922 cluent.
600 2875 654 2937 27..
677 2861 770 2919 Brut.
791 2861 841 2920 62.
870 2860 1038 2921 Praeterea
1048 2852 1097 2940 Ὠ.
1122 2853 1298 2941 Opimius,
1318 2856 1381 2937 qui
1406 2862 1448 2923 tr.
1465 2855 1513 2940 pl.
1539 2856 1653 2940 legem
1674 2855 1851 2921 Aureliam

319 3033 322 3038 ⁵
447 2959 576 3044 dejure
584 2959 774 3025 tribunicio
784 2970 936 3027 suaserat
943 2964 985 3027 ad
995 2965 1030 3032 C.
1039 2960 1416 3046 Verrempraetoremin
1423 2959 1596 3040 judicium
1610 2962 1777 3024 adductus
1790 2969 1850 3044 est,

445 3066 644 3148 mulctaque
658 3069 702 3128 ab
723 3087 765 3132 eo
791 3068 914 3153 petita,
935 3070 1030 3152 quod
1050 3053 1128 3131 cur'n
1142 3075 1228 3133 essct
1247 3067 1327 3132 trih
1343 3067 1438 3151 pleb.
1461 3074 1579 3131 contre
1595 3067 1705 3152 legem
1720 3067 1850 3131 Corne-

446 3169 535 3232 liam
545 3172 793 3240 intercessisset.
805 3174 885 3236 Cic.
898 3174 970 3241 Act.
989 3174 1029 3238 in
1041 3177 1138 3244 Verr.
1150 3176 1177 3237 Ι.
1198 3178 1248 3238 tio.
1266 3176 1337 3238 Lex
1348 3173 1490 3238 Aurelia
1506 3177 1549 3238 de
1560 3171 1716 3256 judiciis,
1732 3171 1850 3255 priore

446 3291 543 3335 anno
562 3293 593 3338 a.
614 3278 649 3344 C.
669 3278 811 3342 Aurelio
834 3281 936 3343 Cotta
953 3279 1040 3362 lata,
1067 3279 1110 3340 ab
1129 3278 1207 3358 ejus
1225 3278 1332 3344 fratre
1350 3282 1401 3346 M.
1420 3279 1565 3344 Aurelio
1582 3280 1680 3342 Cotta
1709 3276 1850 3341 consule

383 3377 387 3384 ’
432 3378 679 3464 ¹abrogataest.
696 3384 818 3448 Ascom
833 3383 964 3449 Pedian
977 3385 1169 3449 comment.
1183 3385 1297 3451 inCio.
1310 3385 1370 3447 Or.
1384 3405 1449 3466 pro
1464 3383 1626 3446 Cornelio
1634 3404 1669 3465 p.
1687 3387 1754 3446 130.
1773 3383 1851 3446 Ser·

309 3513 313 3521 ·
375 3508 400 3567 .'
431 3482 553 3548 uilius
565 3488 758 3551 Proconsul
776 3495 854 3573 post
873 3489 1132 3572 quinquennale
1148 3487 1335 3572 imperium
1353 3484 1529 3554 incilicia
1547 3485 1618 3572 egit
1635 3485 1851 3570 triumphum

433 3585 508 3651 en.
531 3590 673 3676 uuuop.
688 3595 746 3662 vn
764 3597 795 3659 s.
816 3593 1090 3663 censentem
1110 3587 1544 3671 ven.1su.11ne.91·⁰)

446 3801 980 3832 m*—

526 3908 563 3988 ὓ)
583 3911 770 3994 Eutropius
787 3911 929 3990 quidem
949 3912 1102 3979 triennio
1120 3912 1278 3996 Ciliciam
1289 3913 1465 3980 subactam
1485 3911 1586 3998 dicit,
1607 3913 1668 3977 sed
1681 3910 1720 3975 id·
1737 3913 1783 3975 od
1796 3909 1851 3994 ip·

347 4084 351 4089 p
449 4007 522 4074 sius
530 4007 619 4072 belli
638 3997 902 4079 diuturnitatem
911 4017 1077 4102 pertinet,
1098 4041 1177 4082 cum
1187 4021 1307 4084 Cicero
1327 4027 1461 4103 tempus
1473 4017 1667 4102 intelligat,
1686 4017 1851 4102 perquod

449 4112 484 4178 ei
502 4111 688 4197 imperium
700 4118 943 4182 demandatum
960 4120 1082 4188 fuerat.
1103 4125 1188 4186 Cum
1201 4124 1310 4210 igitur
1322 4126 1390 4189 hoc
1403 4127 1544 4188 demum
1559 4143 1651 4187 anno
1663 4120 1853 4204 triumpha·

448 4219 552 4301 verit,
574 4237 654 4284 eum
672 4241 736 4309 per
757 4224 910 4310 quinque
930 4223 1093 4314 deinceps
1110 4247 1220 4297 annos
1243 4231 1430 4317 imperium
1447 4227 1630 4301 retinuisse
1642 4227 1780 4294 nullum
1802 4229 1853 4296 est

446 4321 604 4388 dubium.
1809 4351 1813 4358 '
