4334 5354
400 487 474 578 aaa

396 696 430 746 ut
441 683 524 744 hunc
539 681 651 740 librum
666 677 768 736 ceteris
787 673 949 754 adjungere
965 668 1197 733 nondubitem.
1217 670 1275 730 Sed
1296 669 1380 732 ducit
1400 673 1546 732 familiam
1568 670 1645 732 liber
1664 678 1812 756 antiquis-

395 793 489 850 simus
507 787 577 844 Sao.
597 781 651 840 IX.
673 784 718 842 vel
739 780 829 838 initio
851 776 922 836 Xmi
943 777 1089 858 scriptus,
1109 778 1206 838 forma
1234 775 1376 855 quadrata
1399 784 1512 855 majore
1532 777 1589 837 No.
1614 779 1708 860 1576,
1735 785 1810 842 olim

383 889 602 952 *cccxxxvi
623 887 661 964 (z)
684 886 843 963 inscriptus
864 904 899 944 ex
917 882 996 942 Bibl.
1018 881 1207 942 Sorboniana
1227 883 1261 940 in
1273 881 1396 964 Regiam
1419 886 1598 959 translatus,
1631 883 1758 966 ideoque
1778 889 1812 948 in

343 1047 347 1054 ,
397 993 628 1057 Montefalconis
650 991 796 1072 Catalogo
816 1009 879 1048 non
900 991 1070 1048 recensitus.
1092 984 1381 1067 Verbanaepiusnon
1393 993 1538 1066 sejuncta.
1559 990 1812 1055 Multaeemenda-

398 1105 496 1161 tiones
513 1099 617 1159 cadem
638 1117 730 1158 manu
751 1117 786 1156 ex
804 1095 883 1154 libro
898 1095 1105 1174 antiquissimo
1116 1092 1279 1174 adscriptae,
1298 1094 1457 1174 aliquoties
1471 1097 1573 1176 glossae
1592 1116 1681 1178 supra
1700 1100 1811 1158 liueam

399 1207 528 1286 scriptam
549 1207 584 1264 in
604 1203 666 1262 fine
687 1221 823 1260 mancus.
844 1200 953 1260 desunt
973 1203 1055 1258 enim
1077 1219 1143 1281 cap.
1165 1199 1338 1260 rod-112.
1359 1198 1421 1259 Hos
1443 1211 1584 1280 quattuor
1601 1202 1695 1264 libros
1714 1225 1811 1264 unum

399 1312 567 1392 exemplum
589 1329 649 1369 esse
669 1316 784 1369 secutos
806 1309 933 1365 maxime
954 1325 989 1364 ex
1008 1306 1069 1365 fine
1090 1325 1156 1387 cap.
1179 1309 1228 1386 73.
1249 1293 1333 1388 Jug.x
1341 1307 1501 1387 collegeris.
1542 1306 1629 1386 Dicat
1648 1307 1732 1370 enim
1754 1313 1813 1368 ali·

400 1422 478 1497 quis,
500 1437 569 1477 cum
590 1417 685 1473 multa
705 1413 841 1472 difficilia
853 1411 892 1469 ad
907 1410 1067 1493 legendum
1089 1412 1212 1485 fuerint,
1234 1409 1381 1485 librarios,
1403 1431 1459 1492 pro
1480 1432 1534 1472 suo
1548 1435 1696 1496 quemque
1710 1425 1835 1494 captu,·

400 1525 497 1584 multa
517 1531 654 1594 muusse,
676 1530 704 1580 et
724 1520 765 1579 ita
779 1538 871 1577 unam
883 1536 987 1576 eorum
1007 1517 1156 1575 familiam
1176 1518 1347 1577 constituat.
1367 1517 1424 1576 Sed
1436 1519 1575 1598 equidem
1595 1522 1641 1580 nil
1661 1523 1734 1580 certi
1753 1532 1813 1581 sta-

401 1640 472 1703 tu03
494 1627 556 1688 hac
578 1621 767 1712 γινωλόφοις
788 1620 985 1684 examinanda
1004 1623 1143 1703 relinquo
1153 1644 1164 1697 3
1185 1626 1320 1702 proxime
1340 1624 1378 1684 ad
1399 1645 1498 1688 veram
1519 1627 1679 1686 lectionem
1699 1627 1814 1686 accedit

374 1713 377 1722 ’
401 1735 479 1794 Cod.
499 1754 540 1807 z.;
560 1732 724 1794 secundum
746 1734 847 1804 locum
868 1737 996 1807 occupat
1017 1726 1095 1788 cod.
1114 1749 1142 1789 ι.
1164 1739 1330 1809 sequnntur
1349 1730 1435 1789 cetb
1455 1729 1602 1791 Burnufii.
1641 1730 1683 1790 m
1703 1730 1812 1812 quibus

400 1839 614 1918 discrepantias
632 1837 783 1916 scripturae
802 1837 932 1916 integras
953 1854 1025 1894 meae
1045 1833 1174 1894 editioni
1195 1834 1346 1915 adscripsi,
1368 1840 1411 1896 ita
1430 1847 1476 1911 ut,
1495 1840 1550 1896 uhi
1569 1835 1663 1896 libros
1682 1857 1814 1899 consen-

401 1946 506 2008 tientes
514 1941 679 2014 habebam,
690 1939 769 2000 nihil
784 1931 935 2015 notarem,
947 1942 1050 2021 paucis
1064 1939 1246 2002 lectionibus
1258 1943 1403 2021 exceptis,
1419 1941 1472 2002 ubi
1490 1943 1697 2002 auctoritatem
1714 1945 1814 2002 libro-

401 2071 469 2112 rum
490 2046 654 2110 adscribere
675 2047 782 2106 melius
802 2047 911 2110 risum.
952 2046 1093 2108 Ceterum
1114 2067 1179 2127 quae
1199 2046 1239 2105 ad
1257 2045 1504 2130 orthographiam
1526 2051 1695 2128 pertinent,
1722 2050 1814 2110 omit-

402 2154 494 2215 tenda
514 2154 585 2214 duxi
596 2195 607 2228 ‚
634 2173 703 2216 cnm
724 2150 782 2213 bac
802 2153 839 2212 de
859 2173 891 2213 re
911 2171 1001 2232 snpra
1027 2154 1098 2212 satis
1125 2152 1165 2212 sit
1184 2156 1350 2234 expositum
1361 2177 1371 2227 3
1401 2156 1461 2214 nisi
1480 2153 1564 2235 quod
1583 2159 1630 2215 vel
1651 2156 1684 2214 in
1705 2153 1761 2214 bac
1780 2173 1812 2216 re

401 2261 561 2340 scripturas
581 2257 680 2319 adhuc
700 2260 868 2341 incognitas
889 2259 998 2339 passim
1019 2260 1132 2320 notari.
1166 2258 1209 2318 Ex
1228 2261 1351 2340 reliquis
1372 2260 1457 2320 libris
1478 2262 1643 2341 specimina
1663 2261 1813 2340 scriptura

403 2369 539 2448 evulgare
558 2366 626 2426 satis
653 2362 766 2445 habui,
795 2363 876 2424 unde
896 2366 1097 2446 intelligentes
1125 2364 1163 2425 de
1184 2385 1288 2425 eorum
1310 2367 1484 2426 auctoritate
1504 2366 1652 2445 judicium
1674 2367 1814 2428 facerent.

402 2469 527 2552 Aliquot
560 2471 707 2532 librorum
738 2490 878 2530 numeros
907 2468 1069 2530 adscribere
1095 2466 1233 2544 suffecit3
1266 2470 1457 2530 librariorum
1488 2471 1573 2531 enim'
1598 2474 1719 2546 levitas,
1749 2491 1815 2552 quas

401 2577 489 2637 facile
510 2577 773 2651 animadvertitur,
803 2579 849 2638 rel
871 2574 1046 2635 melioribus
1067 2574 1250 2636 lectionibus
1270 2597 1392 2636 omnem
1414 2576 1505 2664 fldem
1524 2577 1656 2658 derogat.
1684 2576 1753 2636 ‘Sed
1776 2577 1816 2636 de

402 2679 451 2742 bis
470 2693 591 2764 postea3
613 2682 747 2760 sequitur
766 2684 883 2761 integra
902 2680 1038 2740 lectionis
1058 2681 1181 2742 varietas
1202 2680 1279 2741 cod.
1299 2685 1330 2742 b.
1352 2703 1378 2742 c.
1399 2703 1428 2742 x·
1448 2703 1473 2742 z.

445 2789 513 2848 Cat.
528 2809 555 2848 1.
565 2786 646 2846 stud.
654 2806 715 2846 sese
725 2785 756 2844 b.
770 2784 974 2845 animantibus
985 2804 1012 2846 x·
1029 2785 1121 2845 veluti
1132 2803 1267 2863 corpora.
1279 2806 1345 2864 sup.
1357 2789 1412 2844 lin.
1423 2806 1531 2865 pecora
1541 2807 1566 2847 z.
1581 2786 1771 2847 ohoedientia
1788 2810 1814 2848 a.

404 2894 504 2953 omnis
515 2913 569 2953 nra
580 2895 612 2952 b.
626 2911 785 2952 commune
795 2911 864 2950 cum
876 2888 971 2949 beluis
983 2887 1014 2948 b.
1030 2897 1062 2950 ee
1072 2889 1189 2950 videtur
1197 2888 1243 2947 bz.
1256 2888 1365 2950 ridee.
1374 2909 1401 2950 x.
1418 2909 1488 2949 nam
1500 2891 1613 2970 priusq.
1624 2912 1651 2950 x.
1662 2903 1813 2953 certamen

309 3057 312 3066 Δ
403 3002 532 3059 uiueres
546 2999 639 3078 magis
650 2998 787 3076 militaris
799 3002 830 3058 b.
844 2997 1027 3058 consuluerit
1040 2994 1071 3056 b.
1092 3015 1146 3056 -a.
1155 3028 1171 3042 -
1189 2994 1288 3070 urbes,
1297 2995 1433 3108 natiorpes
1443 3016 1487 3068 a,
1501 2996 1578 3055 utin
1589 2998 1650 3060 bel.
1663 2995 1728 3058 box.
1746 3019 1816 3058 om-

297 3173 299 3176 ·
404 3123 458 3164 nes
478 3113 564 3162 arant
584 3121 642 3161 cxz.
664 3123 735 3162 ones
755 3123 821 3181 sup.
835 3105 890 3162 lin.
911 3105 930 3163 l.
944 3100 1083 3164 homines
1092 3105 1124 3162 b.
1147 3101 1271 3160 transire
1281 3122 1346 3182 sup.
1359 3101 1413 3160 lin.
1425 3109 1590 3184 transegere
1604 3121 1630 3160 z.
1650 3102 1750 3182 Atque
1765 3106 1816 3164 in·

405 3209 481 3270 culti
502 3227 521 3266 x
548 3218 675 3270 mortem
695 3212 847 3289 uitamque
867 3231 893 3270 c.
921 3209 946 3269 is
977 3230 1019 3268 m.
1050 3209 1109 3270 viv.
1129 3207 1209 3267 dem.
1232 3206 1263 3267 b.
1284 3207 1361 3268 alico
1382 3205 1477 3285 quaerit
1496 3205 1527 3266 b.
1569 3206 1655 3268 -3.-
1682 3212 1815 3289 sequitur

405 3334 473 3394 sup.
487 3314 544 3374 lin.
564 3334 585 3374 c
604 3335 630 3374 z.
653 3325 682 3376 et
702 3327 832 3377 actorem
847 3337 871 3375 z.
892 3324 953 3375 oct.
973 3336 1041 3395 sup.
1054 3315 1109 3378 lin.
1131 3333 1159 3374 c.
1180 3335 1197 3375 a
1217 3313 1318 3375 studio
1331 3312 1379 3379 bx.
1400 3313 1478 3374 stud.
1498 3332 1517 3371 a
1538 3333 1604 3394 sup.
1626 3316 1682 3376 lin.
1702 3336 1726 3380 z.
1748 3337 1815 3376 exe-

404 3419 556 3504 quendax
576 3422 746 3505 exequenda
765 3441 832 3503 sup.
846 3422 901 3482 lin.
915 3442 936 3480 c
948 3441 974 3480 z.
996 3421 1080 3480 sactis
1101 3439 1169 3500 sup.
1182 3422 1239 3486 lin.
1258 3440 1275 3480 a
1296 3416 1379 3483 dicta
1399 3418 1531 3498 suplin.
1552 3421 1577 3478 is
1596 3441 1637 3486 ac.
1658 3422 1729 3484 dein
1742 3426 1815 3504 quia

403 3549 485 3589 xm.
507 3529 575 3594 adv·
598 3534 733 3591 multah.
757 3531 940 3611 reliquorum
962 3525 1095 3585 moribus
1116 3523 1202 3582 malis
1213 3543 1239 3584 c.
1262 3523 1326 3596 -άμ
1344 3523 1509 3582 secordiax.
1531 3526 1813 3610 colendoagrosnp.

403 3637 460 3697 lin.
480 3639 499 3704 i
520 3636 540 3697 b
561 3636 599 3698 de
619 3645 704 3717 cujus
723 3635 857 3696 moribus
868 3635 900 3700 b.
922 3634 986 3694 -5.-
1002 3637 1121 3711 juveram
1143 3649 1161 3690 x
1180 3649 1269 3709 surpra
1289 3647 1378 3707 quom
1398 3627 1536 3690 credibile
1557 3652 1631 3692 c.-
1649 3637 1684 3694 in
1705 3657 1731 3696 z.
1751 3635 1814 3698 αό-

408 3765 498 3823 quom
518 3763 692 3804 erasum—
713 3747 796 3820 majus
817 3740 861 3802 rei
880 3740 957 3800 lubet
976 3759 1000 3798 z.
1021 3747 1162 3817 appetens
1182 3736 1274 3798 alieni
1293 3755 1321 3796 x.
1341 3735 1539 3815 relinquerint
1556 3759 1585 3803 ι.
1605 3739 1656 3799 sed
1676 3741 1710 3802 in
1730 3740 1762 3802 b.
1783 3764 1816 3804 ω
1911 3796 1914 3806 ,

406 3869 472 3914 am.
485 3870 542 3909 sco.
553 3860 717 3910 erasum'-
725 3859 757 3908 et
766 3858 799 3907 nt
807 3849 889 3928 paul.
901 3867 942 3906 cz.
950 3845 1193 3927 -li.-ahorigenes
1202 3840 1233 3901 b.
1247 3839 1425 3904 festinabant
1433 3863 1460 3904 c.
1471 3864 1501 3903 se
1511 3844 1742 3910 convertitbcxz.
1754 3847 1813 3910 sibi

406 3949 509 4030 cepere
525 3956 557 4011 b.
577 3951 702 4012 human.
724 3973 774 4013 an.
793 3955 881 4012 insol.
902 3973 930 4014 x.
950 3956 1026 4033 -7.-
1045 3952 1078 4010 in
1098 3959 1273 4031 promptum
1294 3946 1403 4010 babere
1423 3968 1447 4009 z.
1468 3931 1590 4030 possum
1611 3950 1691 4034 (sup.
1712 3955 1815 4031 lime)

403 4075 431 4114 a.
459 4057 583 4134 coeperit
601 4075 628 4114 z.
655 4058 776 4137 longius
796 4076 851 4114 nos
871 4056 952 4117 berz.
992 4058 1078 4116 -8.-
1098 4053 1260 4116 eccelebrat
1279 4074 1305 4114 z.
1337 4055 1414 4115 sicut
1434 4075 1458 4118 z.
1493 4060 1547 4138 qui
1570 4077 1605 4119 ca
1634 4059 1729 4120 secere
1747 4057 1813 4120 bxz.

404 4159 502 4222 verbis
523 4179 557 4218 ea
570 4162 602 4219 h.
624 4181 658 4220 ea
678 4162 766 4240 copia
785 4162 843 4220 suit
862 4163 1042 4239 scriptorum
1054 4183 1085 4222 x.
1105 4169 1205 4243 negot.
1225 4178 1302 4220 max.
1323 4158 1354 4220 b.
1377 4171 1406 4220 et
1426 4181 1478 4221 sua
1500 4161 1565 4225 bcx.
1594 4182 1675 4241 -9.-
1694 4179 1710 4224 a
1730 4161 1816 4226 bello

405 4285 466 4326 erc.
480 4287 508 4328 x.
519 4285 584 4347 sup.
599 4264 654 4325 lin.
669 4267 688 4326 i.
703 4266 740 4325 de
752 4267 860 4346 proelio
873 4264 1025 4328 beneficiis
1040 4270 1134 4348 magis
1156 4284 1246 4346 quam
1260 4287 1302 4329 zx.
1324 4266 1476 4350 agitabant
1481 4291 1492 4342 ;
1512 4277 1631 4350 accepta
1641 4287 1670 4335 x.
1710 4290 1814 4330 -10.-

321 4397 324 4408 ·
406 4369 625 4438 dominationes
643 4391 709 4455 sup·
730 4371 786 4436 lin.
805 4368 831 4434 o·
849 4369 911 4435 bes.
932 4390 977 4434 res
995 4391 1090 4453 asper.
1111 4391 1140 4434 x.
1166 4370 1334 4458 divitiaeque
1354 4393 1382 4440 x·
1412 4395 1481 4458 cup.
1504 4393 1569 4455 pcc·
1590 4377 1683 4457 prim.
1703 4374 1812 4449 deinde
1864 4371 1871 4378 ’
