4242 5334
1683 465 1752 518 211

350 631 484 702 Carere
504 639 619 696 tamen
639 628 766 695 necubi
786 629 878 693 hosti
901 634 1114 715 opportunus
1134 629 1231 694 fieret
1250 642 1283 698 J.
1296 633 1345 696 55.
1367 645 1499 700 caveret
1521 635 1558 700 id
1578 641 1754 722 95555564.

308 765 310 772 ·
393 737 506 802 caveri
527 755 651 820 anceps
672 735 802 798 malum
824 738 873 830 67.
895 754 1012 800 cavere
1033 736 1075 798 ab
1099 735 1233 800 insidiis
1256 741 1323 801 108.

352 842 543 909 Cedentem
563 841 796 909 veldense.
831 845 988 907 cedentes
1011 844 1059 904 55.
1094 844 1214 907 cedere
1234 842 1381 908 fortunae
1403 855 1438 911 c.
1461 846 1510 923 54.
1543 843 1685 908 instanti
1706 847 1755 908 56.

392 967 470 1031 9555
498 969 526 1011 c.
554 947 617 1012 alii
644 945 781 1029 insequi
803 953 851 1014 55.
880 965 1042 1032 prospere
1072 952 1192 1013 cedere
1212 928 1427 1014 6515518155
1446 966 1609 1033 prospere
1629 970 1756 1016 cessere

391 1064 437 1146 c.
450 1055 497 1120 56.
520 1053 558 1115 in
581 1062 672 1116 metu
694 1055 815 1143 cedere
838 1054 886 1115 58.
907 1061 1007 1117 antea
1027 1061 1193 1118 tentatum
1208 1061 1309 1120 'secus
1328 1063 1471 1117 cesserat
1491 1050 1525 1116 J.
1548 1071 1597 1117 5ο.

356 1155 599 1224 Celebrantur
628 1158 717 1221 lacta
745 1178 809 1242 pro
841 1161 1009 1226 maxumis
1044 1153 1078 1225 o.
1101 1161 1129 1221 8.
1161 1159 1300 1223 fortuna
1321 1179 1375 1223 res
1402 1179 1442 1223 ex
1462 1157 1623 1222 lubidine
1643 1158 1753 1244 magis

389 1283 493 1344 quam
515 1284 556 1327 ex
576 1283 658 1328 vero
680 1259 829 1347 celebrat
851 1265 1076 1346 obscuratque
1097 1289 1127 1348 9.
1148 1265 1263 1328 forum
1284 1259 1388 1328 totius
1414 1263 1514 1352 regni
1533 1262 1680 1328 maxime
1700 1283 1756 1327 ce·

388 1369 559 1433 lebratum
572 1382 603 1436 5.
616 1385 666 1450 47.
685 1370 748 1433 551.
762 1377 948 1452 auctusque
961 1357 1084 1434 ficerat.
1100 1372 1148 1432 86.
1165 1391 1268 1452 seque
1280 1391 1462 1453 remquep.
1474 1373 1546 1434 haee
1557 1378 1659 1450 atque
1674 1366 1756 1431 talia

382 1473 553 1538 ›faciundo
569 1475 785 1539 celebravere
798 1480 846 1540 85.
867 1476 975 1539 multa
988 1496 1051 1560 per
1071 1475 1239 1539 invidiam
1251 1477 1455 1560 scriptorum
1470 1495 1592 1559 parum
1606 1474 1758 1539 celebra·

388 1585 422 1640 ta
443 1586 523 1642 sunt
543 1591 582 1646 Η.
606 1579 673 1644 inc.
695 1581 744 1643 65.
765 1559 982 1659 vetustatem,
1002 1581 1056 1643 uti
1077 1590 1188 1645 cetera
1208 1581 1247 1643 in
1269 1579 1380 1659 majus
1400 1580 1646 1662 celebrantem,
1668 1579 1757 1640 alto·

387 1701 440 1748 res
458 1684 551 1747 Jovis
572 1685 794 1751 celebravisse
814 1697 853 1753 Η.
876 1687 942 1751 inc.
964 1691 1012 1756 66.
1036 1688 1109 1752 8155
1128 1687 1234 1753 festus
1254 1687 1512 1767 celebratusque
1533 1701 1756 1770 peromnem

384 1788 535 1853 Africam
565 1802 597 1856 J.
620 1792 673 1854 ⁴66.
703 1793 886 1858 celebritas
918 1791 1071 1856 nominis
1100 1787 1143 1856 Η.
1171 1795 1211 1860 V·
1242 1795 1271 1854 6.
1299 1792 1337 1853 in
1366 1794 1508 1855 modum
1535 1786 1755 1853 celeberrimi

385 1895 508 1977 templi
522 1881 569 1957 11.
591 1913 641 1972 45.
1315 1901 1328 1918 ’

347 1995 527 2070 Celeriter
561 1999 689 2061 furtiva
718 1993 761 2063 H.
795 2003 822 2061 1.
856 2001 906 2072 48.
938 2017 1137 2062 maxumum
1166 2000 1299 2061 bonum
1330 1997 1369 2058 in
1403 1973 1577 2058 celeritate
1611 1995 1754 2075 putabat

386 2106 491 2175 (1.45.
1694 2113 1697 2120 ’

348 2204 554 2272 Censebam
575 2211 721 2269 mortem
740 2224 856 2269 severe
875 2203 1122 2269 vindicandam
1142 2215 1174 2270 J·
1199 2209 1245 2268 55.
1265 2205 1332 2266 858
1353 2201 1402 2262 155
1423 2211 1545 2264 censeo
1568 2208 1615 2263 0.·
1628 2199 1677 2260 55.
1700 2199 1738 2258 55

387 2305 429 2374 Η.
450 2312 475 2371 I.
499 2329 546 2388 19.
574 2307 607 2369 S.
629 2309 665 2368 P.
686 2309 724 2392 Q.
747 2309 788 2372 n.
819 2305 935 2370 verbis
962 2304 1130 2368 nuncient
1159 2305 1249 2370 velle
1277 2313 1311 2367 et
1339 2320 1477 2374 censere
1507 2319 1565 2364 eos
1585 2301 1628 2362 ab
1648 2297 1755 2362 armis

390 2414 566 2478 discedere
585 2422 618 2476 J.
639 2429 689 2474 at.
710 2409 821 2475 senati
847 2411 1023 2472 decretum
1051 2407 1090 2468 tit
1111 2406 1199 2470 sicut
1218 2407 1281 2472 ille
1303 2413 1480 2470 censuerat
1502 2416 1537 2471 c.
1561 2407 1609 2470 55.
1637 2411 1754 2466 utrum
1814 2435 1819 2454 t

384 2516 530 2583 censetis
557 2535 612 2580 me
642 2515 754 2580 vicem
782 2513 896 2582 aerarii
916 2520 1076 2604 prestare
1099 2523 1138 2579 Η.
1157 2515 1213 2574 ΠΙ.
1238 2532 1284 2578 rr.
1318 2507 1552 2574 misereamini
1574 2527 1696 2573 censeo
1718 2517 1754 2574 G.

385 2625 434 2686 55.
454 2622 503 2685 155
524 2621 577 2685 uti
599 2627 810 2696 censuerant,
832 2617 1048 2684 deditionem
1068 2615 1159 2680 iacit.
1180 2628 1213 2683 5.
1235 2619 1284 2679 56.
1305 2615 1417 2699 559155
1437 2613 1531 2682 censi
1551 2623 1584 2679 5.
1605 2615 1655 2675 8ο.
1676 2629 1754 2677 cen·

383 2745 476 2792 sores
498 2739 534 2792 c.
556 2729 605 2789 55.

346 2819 549 2899 Certabant
578 2834 621 2895 de
649 2831 777 2894 virtute
807 2837 843 2893 C·
866 2847 895 2906 9.
928 2844 993 2909 pro
1024 2842 1086 2887 sua
1106 2822 1252 2904 quisque
1280 2822 1439 2906 potentia¹
1457 2823 1507 2881 58.
1534 2839 1599 2903 955
1630 2819 1754 2884 551555

383 2937 469 3002 focis
492 2943 540 3019 59.
568 2956 646 2998 curn
668 2944 809 2998 strenuo
828 2931 955 2994 virtute
978 2930 1026 2992 55.
1049 2928 1196 2990 inter'se
1216 2936 1248 2988 J.
1271 2927 1320 2984 55.
1346 2922 1383 2994 vi
1404 2941 1530 3007 magna
1549 2927 1601 2984 6ο.
1620 2926 1754 3006 praedas

386 3048 553 3107 certantes
583 3057 683 3123 agere
704 3052 755 3115 44.
776 3042 944 3098 certantes
972 3050 1110 3091 murum
1129 3035 1245 3112 petere
1266 3045 1317 3111 94.
1344 3049 1450 3092 manu
1471 3033 1601 3091 certare
1620 3021 1663 3090 Η.
1684 3028 1751 3092 inc.

389 3168 434 3227 ¹7·
455 3163 519 3228 pro
541 3144 649 3205 salute
669 3150 698 3204 J.
725 3133 939 3217 5549555115
962 3141 1148 3195 certaturos
1169 3133 1218 3194 er.
1320 3183 1323 3190 .

346 3252 541 3318 Certamen
562 3261 726 3329 magnum
748 3252 784 3306 c.
808 3261 835 3302 ι.
866 3235 1001 3317 animos
1020 3235 1146 3299 arrexit
1169 3243 1217 3316 59.
1238 3238 1291 3298 ad.
1315 3257 1343 3300 c.
1364 3236 1427 3300 ubi
1446 3238 1543 3303 venit
1562 3257 1616 3304 res
1641 3249 1673 3306 5.
1701 3241 1747 3303 55.

385 3354 523 3418 nullum
543 3347 663 3436 gloriae
684 3366 797 3430 neque
818 3340 1066 3409 dominationis
1086 3341 1178 3418 inter
1198 3340 1287 3405 cives
1307 3349 1380 3406 erat
1410 3343 1460 3416 45.
1490 3342 1673 3406 inimicum
1701 3345 1750 3414 54.

384 3459 479 3523 bella
499 3464 600 3538 atque
620 3452 807 3518 certamina
827 3461 862 3516 c.
883 3450 934 3510 55.
957 3468 984 3509 5.
1005 3445 1175 3516 libertatis
1195 3453 1254 3508 aut
1274 3444 1394 3531 gloriae
1414 3441 1456 3509 Η.
1477 3449 1504 3516 Ι.
1525 3449 1554 3508 5.

347 3565 478 3633 Certos
498 3564 590 3647 apud
611 3561 717 3623 latera
737 3553 963 3620 collocaverat
982 3563 1014 3618 5.
1025 3567 1076 3630 44.
1097 3558 1226 3615 certum
1238 3559 1331 3614 ratus
1345 3573 1393 3612 no.
1413 3569 1477 3634 pro
1493 3557 1584 3613 certo
1598 3547 1750 3615 creditur

388 3682 424 3738 c.
449 3670 496 3732 55.
516 3684 581 3749 955
602 3671 694 3728 55555
715 3662 875 3726 habetote
897 3659 946 3721 55.
968 3655 1094 3720 certior
1113 3655 1221 3719 factus
1240 3657 1285 3718 de
1304 3665 1335 3720 5.
1358 3657 1408 3730 46.
1430 3663 1520 3718 55555
1541 3665 1580 3720 Η.
1598 3657 1656 3718 111.
1679 3671 1729 3717 55.

347 3770 510 3845 Cervices
536 3771 574 3835 in
599 3787 677 3833 sues
705 3767 875 3832 sublatum
903 3757 945 3825 H.
966 3764 1019 3824 III.
1042 3779 1092 3826 aa.
1120 3759 1160 3824 in
1186 3757 1375 3825 cervicibus
1395 3757 1500 3823 Italiae
1526 3757 1659 3844 agentis
1686 3761 1751 3823 bo-

385 3881 445 3946 stis
464 3883 521 3942 111.
546 3898 592 3938 11.
1629 3943 1632 3951 s

347 3988 481 4055 Cetera
500 3983 571 4047 vita
591 3999 711 4046 eorum
734 3987 768 4046 c.
790 3979 838 4041 55.
859 3983 970 4040 555555
990 3972 1130 4059 ignarus
1148 3982 1182 4037 5.
1199 3991 1244 4050 ¹9·
1266 3977 1376 4033 cetera
1394 3966 1513 4053 pluvia
1531 3965 1653 4053 (aqua)
1673 3975 1750 4033 ute·

387 4095 489 4154 batur
509 4092 559 4170 89.
592 4088 683 4151 inter
709 4091 855 4149 ceteram
882 4079 1064 4166 planitiem
1085 4096 1184 4141 mons
1204 4093 1253 4156 95.
1284 4095 1346 4160 955
1366 4095 1395 4138 5.
1416 4082 1533 4158 gentes
1553 4071 1694 4136 maximi
1715 4078 1748 4136 et

392 4195 477 4258 cleri
498 4194 580 4259 estis
601 4205 640 4260 Η.
655 4195 681 4256 Ι.
698 4193 744 4254 55.
766 4198 916 4276 ceterum
937 4185 1122 4252 exercitum
1143 4183 1182 4246 in
1202 4179 1364 4246 subsidiis
1384 4180 1475 4242 locat
1496 4190 1531 4245 c.
1555 4181 1603 4259 59.
1623 4175 1747 4240 lubido

388 4300 512 4384 stupri,
531 4318 657 4387 ganeae,
678 4295 850 4378 ceterique
870 4295 981 4360 cultus
1002 4305 1037 4361 c.
1059 4293 1106 4356 55.
1127 4291 1177 4368 45.
1200 4290 1250 4353 55.
1270 4295 1299 4354 5.
1323 4287 1370 4360 54.
1390 4283 1572 4446 βῖσνιιιη,
1593 4283 1631 4346 in
1651 4281 1748 4368 prin·
