<?xml version="1.0" encoding="UTF-8"?>
<!DOCTYPE html PUBLIC "-//W3C//DTD XHTML 1.0 Transitional//EN"
    "http://www.w3.org/TR/xhtml1/DTD/xhtml1-transitional.dtd">
<html xmlns="http://www.w3.org/1999/xhtml" xml:lang="en" lang="en">
 <head>
  <title>
</title>
<meta http-equiv="Content-Type" content="text/html;charset=utf-8" />
  <meta name='ocr-system' content='tesseract 3.04.00' />
  <meta name='ocr-capabilities' content='ocr_page ocr_carea ocr_par ocr_line ocrx_word'/>
</head>
<body>
  <div class='ocr_page' id='page_1' title='image "./ccrispisalustii01sallgoog_0110.png"; bbox 0 0 4230 5348; ppageno 0'>
   <div class='ocr_carea' id='block_1_1' title="bbox 333 433 408 493">
    <p class='ocr_par' dir='ltr' id='par_1_1' title="bbox 333 433 408 493">
     <span class='ocr_line' id='line_1_1' title="bbox 333 433 408 493; baseline 0.093 -8"><span class='ocrx_word' id='word_1_1' title='bbox 333 433 408 493; x_wconf 65' lang='grc'><strong>100</strong></span> 
     </span>
    </p>
   </div>
   <div class='ocr_carea' id='block_1_2' title="bbox 212 586 1834 1616">
    <p class='ocr_par' dir='ltr' id='par_1_2' title="bbox 212 586 1834 1616">
     <span class='ocr_line' id='line_1_2' title="bbox 212 586 1743 694; baseline -0.005 -23"><span class='ocrx_word' id='word_1_2' title='bbox 212 623 217 630; x_wconf 93' lang='grc'><strong><em>·</em></strong></span> <span class='ocrx_word' id='word_1_3' title='bbox 333 603 465 694; x_wconf 76' lang='lat' dir='ltr'><strong>gloriae</strong></span> <span class='ocrx_word' id='word_1_4' title='bbox 495 586 758 672; x_wconf 74' lang='lat' dir='ltr'><strong>adolescentem</strong></span> <span class='ocrx_word' id='word_1_5' title='bbox 784 605 959 688; x_wconf 71' lang='lat' dir='ltr'><strong>sic&#39;supra</strong></span> <span class='ocrx_word' id='word_1_6' title='bbox 982 605 1076 668; x_wconf 81' lang='lat' dir='ltr'><strong>Oret.</strong></span> <span class='ocrx_word' id='word_1_7' title='bbox 1104 599 1228 686; x_wconf 83' lang='lat' dir='ltr'><strong>Iepidi</strong></span> <span class='ocrx_word' id='word_1_8' title='bbox 1267 599 1390 666; x_wconf 83' lang='lat' dir='ltr'><strong>initio:</strong></span> <span class='ocrx_word' id='word_1_9' title='bbox 1423 593 1587 668; x_wconf 66' lang='lat' dir='ltr'><strong>bernium</strong></span> <span class='ocrx_word' id='word_1_10' title='bbox 1614 597 1743 689; x_wconf 76' lang='lat' dir='ltr'><strong>magni</strong></span> 
     </span>
     <span class='ocr_line' id='line_1_3' title="bbox 242 705 1740 797; baseline -0.005 -21"><span class='ocrx_word' id='word_1_11' title='bbox 242 771 245 776; x_wconf 88' lang='lat'><strong>.</strong></span> <span class='ocrx_word' id='word_1_12' title='bbox 334 709 504 776; x_wconf 83' lang='lat' dir='ltr'><strong>nominis.</strong></span> <span class='ocrx_word' id='word_1_13' title='bbox 519 713 701 797; x_wconf 84' lang='lat' dir='ltr'><strong>Pompeius</strong></span> <span class='ocrx_word' id='word_1_14' title='bbox 711 720 784 774; x_wconf 87' lang='lat' dir='ltr'><strong>tum</strong></span> <span class='ocrx_word' id='word_1_15' title='bbox 802 711 967 794; x_wconf 88' lang='lat' dir='ltr'><strong>temporis</strong></span> <span class='ocrx_word' id='word_1_16' title='bbox 983 708 1125 794; x_wconf 83' lang='lat' dir='ltr'><strong>triginta</strong></span> <span class='ocrx_word' id='word_1_17' title='bbox 1141 717 1208 772; x_wconf 86' lang='lat' dir='ltr'><strong>tres</strong></span> <span class='ocrx_word' id='word_1_18' title='bbox 1222 726 1332 772; x_wconf 87' lang='lat' dir='ltr'><strong>anuos</strong></span> <span class='ocrx_word' id='word_1_19' title='bbox 1347 713 1446 773; x_wconf 88' lang='lat' dir='ltr'><strong>natus</strong></span> <span class='ocrx_word' id='word_1_20' title='bbox 1454 713 1551 790; x_wconf 87' lang='lat' dir='ltr'><strong>erat,</strong></span> <span class='ocrx_word' id='word_1_21' title='bbox 1571 705 1632 770; x_wconf 79' lang='lat' dir='ltr'><strong>cir.</strong></span> <span class='ocrx_word' id='word_1_22' title='bbox 1651 706 1740 770; x_wconf 82' lang='lat' dir='ltr'><strong>Plut.</strong></span> 
     </span>
     <span class='ocr_line' id='line_1_4' title="bbox 314 799 1742 900; baseline -0.002 -24"><span class='ocrx_word' id='word_1_23' title='bbox 314 799 454 899; x_wconf 73' lang='lat' dir='ltr'><strong>.Polnp.</strong></span> <span class='ocrx_word' id='word_1_24' title='bbox 464 799 494 878; x_wconf 74' lang='grc'><strong>’5.</strong></span> <span class='ocrx_word' id='word_1_25' title='bbox 505 817 573 879; x_wconf 85' lang='lat' dir='ltr'><strong>Cic.</strong></span> <span class='ocrx_word' id='word_1_26' title='bbox 583 837 647 898; x_wconf 89' lang='lat' dir='ltr'><strong>pro</strong></span> <span class='ocrx_word' id='word_1_27' title='bbox 663 819 754 900; x_wconf 84' lang='lat' dir='ltr'>Lege</span> <span class='ocrx_word' id='word_1_28' title='bbox 770 814 1187 895; x_wconf 87' lang='lat' dir='ltr'><strong>Manil.1o:cujusaetatis</strong></span> <span class='ocrx_word' id='word_1_29' title='bbox 1202 813 1362 878; x_wconf 87' lang='lat' dir='ltr'><strong>homines</strong></span> <span class='ocrx_word' id='word_1_30' title='bbox 1381 811 1614 879; x_wconf 81' lang='lat' dir='ltr'><strong>adolescentes</strong></span> <span class='ocrx_word' id='word_1_31' title='bbox 1630 810 1742 874; x_wconf 90' lang='lat' dir='ltr'><strong>nomi-</strong></span> 
     </span>
     <span class='ocr_line' id='line_1_5' title="bbox 304 899 1742 1000; baseline -0.001 -20"><span class='ocrx_word' id='word_1_32' title='bbox 304 987 308 994; x_wconf 51' lang='lat'><strong>,</strong></span> <span class='ocrx_word' id='word_1_33' title='bbox 333 920 412 980; x_wconf 87' lang='lat' dir='ltr'><strong>nari</strong></span> <span class='ocrx_word' id='word_1_34' title='bbox 426 920 592 984; x_wconf 84' lang='lat' dir='ltr'><strong>solebant.</strong></span> <span class='ocrx_word' id='word_1_35' title='bbox 614 919 674 982; x_wconf 86' lang='lat' dir='ltr'><strong>cfr.</strong></span> <span class='ocrx_word' id='word_1_36' title='bbox 688 923 733 982; x_wconf 92' lang='lat' dir='ltr'><strong>ad</strong></span> <span class='ocrx_word' id='word_1_37' title='bbox 740 921 810 984; x_wconf 84' lang='lat' dir='ltr'><strong>Cat.</strong></span> <span class='ocrx_word' id='word_1_38' title='bbox 821 939 885 1000; x_wconf 69' lang='lat' dir='ltr'><strong>aa.</strong></span> <span class='ocrx_word' id='word_1_39' title='bbox 901 929 935 986; x_wconf 92' lang='lat' dir='ltr'><strong>et</strong></span> <span class='ocrx_word' id='word_1_40' title='bbox 950 923 1000 986; x_wconf 83' lang='grc'><strong>38.</strong></span> <span class='ocrx_word' id='word_1_41' title='bbox 1028 941 1104 986; x_wconf 81' lang='lat' dir='ltr'><strong>non</strong></span> <span class='ocrx_word' id='word_1_42' title='bbox 1121 918 1159 985; x_wconf 82' lang='lat' dir='ltr'><strong>in</strong></span> <span class='ocrx_word' id='word_1_43' title='bbox 1174 940 1248 985; x_wconf 84' lang='lat' dir='ltr'><strong>uno</strong></span> <span class='ocrx_word' id='word_1_44' title='bbox 1266 899 1578 1000; x_wconf 76' lang='lat' dir='ltr'><strong>cunctipr&#39;aesidia</strong></span> <span class='ocrx_word' id='word_1_45' title='bbox 1589 923 1652 982; x_wconf 81' lang='lat' dir='ltr'><strong>etc.</strong></span> <span class='ocrx_word' id='word_1_46' title='bbox 1663 935 1742 980; x_wconf 87' lang='lat' dir='ltr'><strong>sen·</strong></span> 
     </span>
     <span class='ocr_line' id='line_1_6' title="bbox 333 1019 1741 1114; baseline 0.002 -31"><span class='ocrx_word' id='word_1_47' title='bbox 333 1022 441 1086; x_wconf 88' lang='lat' dir='ltr'><strong>tentia</strong></span> <span class='ocrx_word' id='word_1_48' title='bbox 454 1022 567 1086; x_wconf 91' lang='lat' dir='ltr'><strong>libero</strong></span> <span class='ocrx_word' id='word_1_49' title='bbox 581 1023 723 1114; x_wconf 81' lang='lat' dir='ltr'><strong>bomine</strong></span> <span class='ocrx_word' id='word_1_50' title='bbox 738 1025 1070 1111; x_wconf 78' lang='lat' dir='ltr'><strong>dignissimaVellej.</strong></span> <span class='ocrx_word' id='word_1_51' title='bbox 1080 1028 1124 1091; x_wconf 92' lang='lat' dir='ltr'><strong>II.</strong></span> <span class='ocrx_word' id='word_1_52' title='bbox 1136 1029 1188 1090; x_wconf 76' lang='lat'><strong>32.</strong></span> <span class='ocrx_word' id='word_1_53' title='bbox 1208 1023 1277 1087; x_wconf 84' lang='lat' dir='ltr'><strong>Cic.</strong></span> <span class='ocrx_word' id='word_1_54' title='bbox 1294 1043 1358 1108; x_wconf 91' lang='lat' dir='ltr'><strong>pro</strong></span> <span class='ocrx_word' id='word_1_55' title='bbox 1373 1027 1463 1109; x_wconf 88' lang='lat' dir='ltr'><strong>Lege</strong></span> <span class='ocrx_word' id='word_1_56' title='bbox 1473 1021 1592 1086; x_wconf 90' lang='lat' dir='ltr'><strong>Manil.</strong></span> <span class='ocrx_word' id='word_1_57' title='bbox 1607 1044 1658 1106; x_wconf 81' lang='lat'><strong>17.</strong></span> <span class='ocrx_word' id='word_1_58' title='bbox 1673 1019 1741 1086; x_wconf 91' lang='lat' dir='ltr'><strong>Dio</strong></span> 
     </span>
     <span class='ocr_line' id='line_1_7' title="bbox 334 1108 1744 1219; baseline 0.003 -33"><span class='ocrx_word' id='word_1_59' title='bbox 334 1127 423 1188; x_wconf 91' lang='lat' dir='ltr'><strong>Cass.</strong></span> <span class='ocrx_word' id='word_1_60' title='bbox 441 1130 498 1189; x_wconf 81' lang='lat'><strong>36:</strong></span> <span class='ocrx_word' id='word_1_61' title='bbox 520 1129 647 1210; x_wconf 85' lang='lat' dir='ltr'><em>Neque</em></span> <span class='ocrx_word' id='word_1_62' title='bbox 665 1125 759 1199; x_wconf 78' lang='lat' dir='ltr'><strong>enim</strong></span> <span class='ocrx_word' id='word_1_63' title='bbox 782 1108 999 1219; x_wconf 64' lang='lat' dir='ltr'><strong>ignorantia</strong></span> <span class='ocrx_word' id='word_1_64' title='bbox 1012 1151 1071 1194; x_wconf 86' lang='lat' dir='ltr'><strong>res</strong></span> <span class='ocrx_word' id='word_1_65' title='bbox 1088 1127 1230 1197; x_wconf 77' lang='lat' dir='ltr'><em>claudit</em></span> <span class='ocrx_word' id='word_1_66' title='bbox 1248 1129 1292 1205; x_wconf 53' lang='lat' dir='ltr'><strong>«i.</strong></span> <span class='ocrx_word' id='word_1_67' title='bbox 1304 1149 1336 1194; x_wconf 88' lang='lat' dir='ltr'><strong>e.</strong></span> <span class='ocrx_word' id='word_1_68' title='bbox 1353 1129 1538 1212; x_wconf 81' lang='lat' dir='ltr'><strong>claudicat,</strong></span> <span class='ocrx_word' id='word_1_69' title='bbox 1555 1148 1626 1194; x_wconf 90' lang='lat' dir='ltr'><strong>uon</strong></span> <span class='ocrx_word' id='word_1_70' title='bbox 1639 1148 1744 1212; x_wconf 84' lang='lat' dir='ltr'>prop-</span> 
     </span>
     <span class='ocr_line' id='line_1_8' title="bbox 334 1225 1834 1321; baseline 0.001 -26"><span class='ocrx_word' id='word_1_71' title='bbox 334 1238 387 1295; x_wconf 86' lang='lat' dir='ltr'><strong>ter</strong></span> <span class='ocrx_word' id='word_1_72' title='bbox 408 1225 642 1316; x_wconf 87' lang='lat' dir='ltr'><strong>ignorantiam</strong></span> <span class='ocrx_word' id='word_1_73' title='bbox 663 1254 718 1300; x_wconf 89' lang='lat' dir='ltr'><strong>res</strong></span> <span class='ocrx_word' id='word_1_74' title='bbox 741 1234 855 1298; x_wconf 89' lang='lat' dir='ltr'><strong>minus</strong></span> <span class='ocrx_word' id='word_1_75' title='bbox 879 1237 1056 1321; x_wconf 82' lang='lat' dir='ltr'><strong>procedit,</strong></span> <span class='ocrx_word' id='word_1_76' title='bbox 1084 1253 1189 1316; x_wconf 86' lang='lat' dir='ltr'><strong>quam</strong></span> <span class='ocrx_word' id='word_1_77' title='bbox 1218 1255 1242 1314; x_wconf 31' lang='lat' dir='ltr'><strong>a,</strong></span> <span class='ocrx_word' id='word_1_78' title='bbox 1266 1235 1366 1300; x_wconf 81' lang='lat' dir='ltr'><strong>vobis</strong></span> <span class='ocrx_word' id='word_1_79' title='bbox 1392 1237 1585 1318; x_wconf 89' lang='lat' dir='ltr'><strong>contendo,</strong></span> <span class='ocrx_word' id='word_1_80' title='bbox 1617 1253 1742 1316; x_wconf 88' lang='lat' dir='ltr'><strong>nempe</strong></span> <span class='ocrx_word' id='word_1_81' title='bbox 1830 1265 1834 1274; x_wconf 89' lang='lat'><em>·</em></span> 
     </span>
     <span class='ocr_line' id='line_1_9' title="bbox 333 1337 1744 1424; baseline 0 -26"><span class='ocrx_word' id='word_1_82' title='bbox 333 1346 372 1399; x_wconf 89' lang='lat' dir='ltr'><strong>ut</strong></span> <span class='ocrx_word' id='word_1_83' title='bbox 391 1358 453 1401; x_wconf 87' lang='lat' dir='ltr'><strong>vos</strong></span> <span class='ocrx_word' id='word_1_84' title='bbox 474 1337 657 1403; x_wconf 87' lang='lat' dir='ltr'><strong>vindicetis</strong></span> <span class='ocrx_word' id='word_1_85' title='bbox 677 1360 698 1402; x_wconf 91' lang='lat' dir='ltr'><strong>a</strong></span> <span class='ocrx_word' id='word_1_86' title='bbox 722 1342 959 1406; x_wconf 74' lang='lat' dir='ltr'><strong>dominatione</strong></span> <span class='ocrx_word' id='word_1_87' title='bbox 985 1339 1347 1424; x_wconf 81' lang='lat' dir='ltr'><strong>paucorum.·Apulej.</strong></span> <span class='ocrx_word' id='word_1_88' title='bbox 1371 1342 1414 1403; x_wconf 92' lang='lat' dir='ltr'><strong>de</strong></span> <span class='ocrx_word' id='word_1_89' title='bbox 1436 1343 1502 1408; x_wconf 88' lang='lat' dir='ltr'><strong>deo</strong></span> <span class='ocrx_word' id='word_1_90' title='bbox 1521 1337 1684 1404; x_wconf 84' lang='lat' dir='ltr'><strong>Socratis:</strong></span> <span class='ocrx_word' id='word_1_91' title='bbox 1705 1344 1744 1399; x_wconf 90' lang='lat' dir='ltr'><strong>ut</strong></span> 
     </span>
     <span class='ocr_line' id='line_1_10' title="bbox 334 1437 1794 1522; baseline -0.001 -18"><span class='ocrx_word' id='word_1_92' title='bbox 334 1443 397 1504; x_wconf 93' lang='lat' dir='ltr'><strong>ubi</strong></span> <span class='ocrx_word' id='word_1_93' title='bbox 418 1444 636 1508; x_wconf 77' lang='lat' dir='ltr'><strong>dubitatione</strong></span> <span class='ocrx_word' id='word_1_94' title='bbox 659 1447 847 1522; x_wconf 81' lang='lat' dir='ltr'><strong>clauderet,</strong></span> <span class='ocrx_word' id='word_1_95' title='bbox 880 1445 932 1508; x_wconf 91' lang='lat' dir='ltr'><strong>ibi</strong></span> <span class='ocrx_word' id='word_1_96' title='bbox 959 1447 1175 1512; x_wconf 83' lang='lat' dir='ltr'><strong>divinatione</strong></span> <span class='ocrx_word' id='word_1_97' title='bbox 1204 1447 1413 1511; x_wconf 69' lang='lat' dir='ltr'><strong>consisteret.</strong></span> <span class='ocrx_word' id='word_1_98' title='bbox 1435 1444 1524 1511; x_wconf 88' lang='lat' dir='ltr'><strong>Vide</strong></span> <span class='ocrx_word' id='word_1_99' title='bbox 1550 1437 1744 1508; x_wconf 64' lang='lat' dir='ltr'><strong>uocatae</strong></span> <span class='ocrx_word' id='word_1_100' title='bbox 1791 1483 1794 1490; x_wconf 83' lang='lat'><em>-</em></span> 
     </span>
     <span class='ocr_line' id='line_1_11' title="bbox 334 1547 1826 1616; baseline 0.004 -8"><span class='ocrx_word' id='word_1_101' title='bbox 334 1547 470 1612; x_wconf 87' lang='lat' dir='ltr'><strong>Terent.</strong></span> <span class='ocrx_word' id='word_1_102' title='bbox 482 1551 686 1612; x_wconf 88' lang='lat' dir='ltr'><strong>Eunuchum</strong></span> <span class='ocrx_word' id='word_1_103' title='bbox 695 1552 733 1611; x_wconf 85' lang='lat' dir='ltr'><strong>A.</strong></span> <span class='ocrx_word' id='word_1_104' title='bbox 742 1553 768 1610; x_wconf 90' lang='lat'><strong>1.</strong></span> <span class='ocrx_word' id='word_1_105' title='bbox 781 1551 832 1612; x_wconf 88' lang='lat' dir='ltr'><strong>Sc.</strong></span> <span class='ocrx_word' id='word_1_106' title='bbox 849 1552 892 1611; x_wconf 93' lang='lat' dir='ltr'><strong>II.</strong></span> <span class='ocrx_word' id='word_1_107' title='bbox 906 1552 946 1612; x_wconf 82' lang='lat' dir='ltr'><strong>A.</strong></span> <span class='ocrx_word' id='word_1_108' title='bbox 961 1552 1004 1616; x_wconf 87' lang='lat'><strong>11.</strong></span> <span class='ocrx_word' id='word_1_109' title='bbox 1021 1551 1074 1614; x_wconf 80' lang='lat' dir='ltr'><strong>Se·</strong></span> <span class='ocrx_word' id='word_1_110' title='bbox 1086 1553 1146 1613; x_wconf 84' lang='lat' dir='ltr'><strong>III.</strong></span> <span class='ocrx_word' id='word_1_111' title='bbox 1164 1551 1233 1615; x_wconf 90' lang='lat' dir='ltr'><strong>Cic.</strong></span> <span class='ocrx_word' id='word_1_112' title='bbox 1252 1554 1295 1616; x_wconf 91' lang='lat' dir='ltr'><strong>de</strong></span> <span class='ocrx_word' id='word_1_113' title='bbox 1309 1555 1349 1616; x_wconf 90' lang='lat' dir='ltr'><strong>N.</strong></span> <span class='ocrx_word' id='word_1_114' title='bbox 1362 1551 1405 1613; x_wconf 89' lang='lat' dir='ltr'><strong>D.</strong></span> <span class='ocrx_word' id='word_1_115' title='bbox 1426 1570 1454 1612; x_wconf 89' lang='lat'><strong>1.</strong></span> <span class='ocrx_word' id='word_1_116' title='bbox 1467 1551 1524 1612; x_wconf 82' lang='lat'><strong>38:</strong></span> <span class='ocrx_word' id='word_1_117' title='bbox 1540 1555 1674 1612; x_wconf 87' lang='lat' dir='ltr'><strong>totares</strong></span> <span class='ocrx_word' id='word_1_118' title='bbox 1685 1565 1745 1610; x_wconf 85' lang='lat' dir='ltr'><strong>va·</strong></span> <span class='ocrx_word' id='word_1_119' title='bbox 1823 1607 1826 1614; x_wconf 92' lang='lat'><strong>.</strong></span> 
     </span>
    </p>
   </div>
   <div class='ocr_carea' id='block_1_3' title="bbox 336 1632 1902 1747">
    <p class='ocr_par' dir='ltr' id='par_1_3' title="bbox 336 1632 1902 1747">
     <span class='ocr_line' id='line_1_12' title="bbox 336 1632 1902 1747; baseline 0.001 -35"><span class='ocrx_word' id='word_1_120' title='bbox 336 1650 433 1712; x_wconf 88' lang='lat' dir='ltr'><strong>cillat</strong></span> <span class='ocrx_word' id='word_1_121' title='bbox 451 1661 484 1742; x_wconf 82' lang='lat' dir='ltr'><strong>et</strong></span> <span class='ocrx_word' id='word_1_122' title='bbox 503 1655 682 1747; x_wconf 84' lang='lat' dir='ltr'><strong>claudicat.</strong></span> <span class='ocrx_word' id='word_1_123' title='bbox 702 1655 769 1717; x_wconf 88' lang='lat' dir='ltr'><strong>Sed</strong></span> <span class='ocrx_word' id='word_1_124' title='bbox 786 1655 888 1739; x_wconf 90' lang='lat' dir='ltr'><strong>plura</strong></span> <span class='ocrx_word' id='word_1_125' title='bbox 903 1656 1054 1718; x_wconf 84' lang='lat' dir='ltr'><strong>Gronov.</strong></span> <span class='ocrx_word' id='word_1_126' title='bbox 1072 1658 1117 1717; x_wconf 91' lang='lat' dir='ltr'><strong>ad</strong></span> <span class='ocrx_word' id='word_1_127' title='bbox 1136 1655 1208 1719; x_wconf 84' lang='lat' dir='ltr'><strong>Liv.</strong></span> <span class='ocrx_word' id='word_1_128' title='bbox 1229 1657 1331 1718; x_wconf 88' lang='lat' dir='ltr'><strong>XXII.</strong></span> <span class='ocrx_word' id='word_1_129' title='bbox 1345 1677 1373 1718; x_wconf 92' lang='lat' dir='ltr'><strong>c.</strong></span> <span class='ocrx_word' id='word_1_130' title='bbox 1390 1654 1535 1718; x_wconf 88' lang='lat' dir='ltr'><strong>XXXIX.</strong></span> <span class='ocrx_word' id='word_1_131' title='bbox 1554 1652 1645 1736; x_wconf 91' lang='lat' dir='ltr'><strong>Lips.</strong></span> <span class='ocrx_word' id='word_1_132' title='bbox 1665 1632 1751 1718; x_wconf 83' lang='lat' dir='ltr'><strong>Ver.¹</strong></span> <span class='ocrx_word' id='word_1_133' title='bbox 1850 1676 1853 1682; x_wconf 58' lang='lat'><strong><em>¹</em></strong></span> <span class='ocrx_word' id='word_1_134' title='bbox 1897 1681 1902 1692; x_wconf 44' lang='grc' dir='ltr'><em>ι</em></span> 
     </span>
    </p>
   </div>
   <div class='ocr_carea' id='block_1_4' title="bbox 333 1754 1746 2058">
    <p class='ocr_par' dir='ltr' id='par_1_4' title="bbox 333 1754 1746 2058">
     <span class='ocr_line' id='line_1_13' title="bbox 333 1754 1746 1844; baseline -0.001 -24"><span class='ocrx_word' id='word_1_135' title='bbox 333 1757 424 1820; x_wconf 89' lang='lat' dir='ltr'><strong>Leet.</strong></span> <span class='ocrx_word' id='word_1_136' title='bbox 448 1761 491 1820; x_wconf 91' lang='lat' dir='ltr'><strong>II.</strong></span> <span class='ocrx_word' id='word_1_137' title='bbox 523 1759 579 1824; x_wconf 89' lang='lat' dir='ltr'><strong>Vl.</strong></span> <span class='ocrx_word' id='word_1_138' title='bbox 603 1759 756 1844; x_wconf 84' lang='lat' dir='ltr'><strong>Scaliger</strong></span> <span class='ocrx_word' id='word_1_139' title='bbox 779 1761 909 1826; x_wconf 86' lang='lat' dir='ltr'><strong>Ausou.</strong></span> <span class='ocrx_word' id='word_1_140' title='bbox 939 1763 1039 1823; x_wconf 77' lang='lat' dir='ltr'><strong>L‘eet.</strong></span> <span class='ocrx_word' id='word_1_141' title='bbox 1061 1762 1105 1825; x_wconf 90' lang='lat' dir='ltr'><strong>II.</strong></span> <span class='ocrx_word' id='word_1_142' title='bbox 1129 1761 1256 1824; x_wconf 79' lang='lat' dir='ltr'><strong>XXII.»</strong></span> <span class='ocrx_word' id='word_1_143' title='bbox 1276 1762 1367 1824; x_wconf 89' lang='lat' dir='ltr'><strong>Cort.</strong></span> <span class='ocrx_word' id='word_1_144' title='bbox 1395 1755 1456 1824; x_wconf 87' lang='lat' dir='ltr'><strong>cfr.</strong></span> <span class='ocrx_word' id='word_1_145' title='bbox 1480 1754 1581 1820; x_wconf 83' lang='lat' dir='ltr'><strong>ovid.</strong></span> <span class='ocrx_word' id='word_1_146' title='bbox 1598 1759 1682 1841; x_wconf 90' lang='lat' dir='ltr'><strong>Epp.</strong></span> <span class='ocrx_word' id='word_1_147' title='bbox 1704 1775 1746 1820; x_wconf 80' lang='lat' dir='ltr'><strong>ex</strong></span> 
     </span>
     <span class='ocr_line' id='line_1_14' title="bbox 335 1857 1745 1951; baseline -0.001 -27"><span class='ocrx_word' id='word_1_148' title='bbox 335 1863 456 1924; x_wconf 86' lang='lat' dir='ltr'><strong>Ponto.</strong></span> <span class='ocrx_word' id='word_1_149' title='bbox 475 1867 504 1924; x_wconf 80' lang='lat'><strong>3.</strong></span> <span class='ocrx_word' id='word_1_150' title='bbox 526 1883 552 1922; x_wconf 86' lang='lat'><strong>1.</strong></span> <span class='ocrx_word' id='word_1_151' title='bbox 569 1863 632 1931; x_wconf 85' lang='lat'><strong>86:</strong></span> <span class='ocrx_word' id='word_1_152' title='bbox 661 1865 790 1926; x_wconf 84' lang='lat' dir='ltr'><strong>elauda</strong></span> <span class='ocrx_word' id='word_1_153' title='bbox 820 1884 883 1928; x_wconf 90' lang='lat' dir='ltr'><strong>nee</strong></span> <span class='ocrx_word' id='word_1_154' title='bbox 906 1861 1014 1927; x_wconf 89' lang='lat' dir='ltr'><strong>officii</strong></span> <span class='ocrx_word' id='word_1_155' title='bbox 1032 1885 1113 1948; x_wconf 91' lang='lat' dir='ltr'><strong>pars</strong></span> <span class='ocrx_word' id='word_1_156' title='bbox 1135 1865 1201 1934; x_wconf 83' lang='lat' dir='ltr'><strong>erit</strong></span> <span class='ocrx_word' id='word_1_157' title='bbox 1231 1865 1305 1928; x_wconf 88' lang='lat' dir='ltr'><strong>ulla</strong></span> <span class='ocrx_word' id='word_1_158' title='bbox 1332 1861 1408 1931; x_wconf 87' lang='lat' dir='ltr'><strong>tibi.</strong></span> <span class='ocrx_word' id='word_1_159' title='bbox 1433 1885 1507 1945; x_wconf 86' lang='lat' dir='ltr'><strong>qua</strong></span> <span class='ocrx_word' id='word_1_160' title='bbox 1528 1883 1604 1928; x_wconf 82' lang='lat' dir='ltr'><strong>non</strong></span> <span class='ocrx_word' id='word_1_161' title='bbox 1618 1857 1745 1951; x_wconf 79' lang='lat' dir='ltr'><strong>glorio</strong></span> 
     </span>
     <span class='ocr_line' id='line_1_15' title="bbox 336 1964 1746 2058; baseline -0.001 -31"><span class='ocrx_word' id='word_1_162' title='bbox 336 1964 386 2027; x_wconf 83' lang='lat' dir='ltr'><strong>ita</strong></span> <span class='ocrx_word' id='word_1_163' title='bbox 405 1969 476 2028; x_wconf 94' lang='lat' dir='ltr'><strong>duo</strong></span> <span class='ocrx_word' id='word_1_164' title='bbox 500 1967 666 2031; x_wconf 89' lang='lat' dir='ltr'><strong>Vaticani.</strong></span> <span class='ocrx_word' id='word_1_165' title='bbox 692 1967 913 2053; x_wconf 91' lang='lat' dir='ltr'><strong>inpromptu</strong></span> <span class='ocrx_word' id='word_1_166' title='bbox 933 1978 1005 2032; x_wconf 91' lang='lat' dir='ltr'><strong>erat</strong></span> <span class='ocrx_word' id='word_1_167' title='bbox 1029 1971 1202 2056; x_wconf 86' lang='lat' dir='ltr'><strong>corrigere</strong></span> <span class='ocrx_word' id='word_1_168' title='bbox 1230 1967 1296 2053; x_wconf 81' lang='lat' dir='ltr'><strong>qui</strong></span> <span class='ocrx_word' id='word_1_169' title='bbox 1301 1994 1312 2046; x_wconf 67' lang='grc' dir='ltr'><strong><em>ς</em></strong></span> <span class='ocrx_word' id='word_1_170' title='bbox 1333 1971 1394 2034; x_wconf 89' lang='lat' dir='ltr'><strong>sed</strong></span> <span class='ocrx_word' id='word_1_171' title='bbox 1413 1970 1526 2058; x_wconf 73' lang='lat' dir='ltr'><strong>codd.</strong></span> <span class='ocrx_word' id='word_1_172' title='bbox 1536 1966 1640 2031; x_wconf 87' lang='lat' dir='ltr'><strong>lectio</strong></span> <span class='ocrx_word' id='word_1_173' title='bbox 1663 1979 1746 2030; x_wconf 81' lang='lat' dir='ltr'><strong>sana</strong></span> 
     </span>
    </p>
   </div>
   <div class='ocr_carea' id='block_1_5' title="bbox 236 2070 1864 2260">
    <p class='ocr_par' dir='ltr' id='par_1_5' title="bbox 236 2070 1864 2260">
     <span class='ocr_line' id='line_1_16' title="bbox 338 2070 1864 2160; baseline 0 -29"><span class='ocrx_word' id='word_1_174' title='bbox 338 2078 402 2143; x_wconf 78' lang='lat' dir='ltr'><strong>est3</strong></span> <span class='ocrx_word' id='word_1_175' title='bbox 424 2090 541 2132; x_wconf 85' lang='lat' dir='ltr'><strong>sensus</strong></span> <span class='ocrx_word' id='word_1_176' title='bbox 561 2072 657 2132; x_wconf 89' lang='lat' dir='ltr'><strong>enim</strong></span> <span class='ocrx_word' id='word_1_177' title='bbox 677 2071 737 2133; x_wconf 90' lang='lat' dir='ltr'><strong>hic</strong></span> <span class='ocrx_word' id='word_1_178' title='bbox 762 2081 829 2134; x_wconf 87' lang='lat' dir='ltr'><strong>est:</strong></span> <span class='ocrx_word' id='word_1_179' title='bbox 861 2073 1042 2154; x_wconf 89' lang='lat' dir='ltr'><strong>torpedine</strong></span> <span class='ocrx_word' id='word_1_180' title='bbox 1066 2075 1224 2157; x_wconf 86' lang='lat' dir='ltr'><strong>oppressi</strong></span> <span class='ocrx_word' id='word_1_181' title='bbox 1241 2075 1356 2160; x_wconf 87' lang='lat' dir='ltr'><strong>gloria</strong></span> <span class='ocrx_word' id='word_1_182' title='bbox 1379 2093 1451 2138; x_wconf 89' lang='lat' dir='ltr'><strong>non</strong></span> <span class='ocrx_word' id='word_1_183' title='bbox 1474 2070 1672 2135; x_wconf 84' lang='lat' dir='ltr'><strong>movemini.</strong></span> <span class='ocrx_word' id='word_1_184' title='bbox 1703 2070 1764 2142; x_wconf 71' lang='lat' dir='ltr'><strong>de.</strong></span> <span class='ocrx_word' id='word_1_185' title='bbox 1805 2097 1808 2103; x_wconf 57' lang='lat'><strong><em>¹</em></strong></span> <span class='ocrx_word' id='word_1_186' title='bbox 1860 2081 1864 2110; x_wconf 60' lang='lat' dir='ltr'><strong>t</strong></span> 
     </span>
     <span class='ocr_line' id='line_1_17' title="bbox 236 2169 1795 2260; baseline 0.003 -25"><span class='ocrx_word' id='word_1_187' title='bbox 236 2251 241 2260; x_wconf 93' lang='lat'><strong>.</strong></span> <span class='ocrx_word' id='word_1_188' title='bbox 339 2171 592 2236; x_wconf 84' lang='lat' dir='ltr'><strong>construetione</strong></span> <span class='ocrx_word' id='word_1_189' title='bbox 618 2171 678 2232; x_wconf 88' lang='lat' dir='ltr'><strong>cfr.</strong></span> <span class='ocrx_word' id='word_1_190' title='bbox 696 2191 817 2254; x_wconf 90' lang='lat' dir='ltr'><strong>supra:</strong></span> <span class='ocrx_word' id='word_1_191' title='bbox 840 2189 914 2254; x_wconf 85' lang='lat' dir='ltr'><strong>qua</strong></span> <span class='ocrx_word' id='word_1_192' title='bbox 934 2180 1057 2236; x_wconf 85' lang='lat' dir='ltr'><strong>tamen</strong></span> <span class='ocrx_word' id='word_1_193' title='bbox 1080 2173 1202 2256; x_wconf 83' lang='lat' dir='ltr'><strong>quinis</strong></span> <span class='ocrx_word' id='word_1_194' title='bbox 1217 2176 1414 2241; x_wconf 82' lang='lat' dir='ltr'><strong>modiis.—</strong></span> <span class='ocrx_word' id='word_1_195' title='bbox 1433 2169 1749 2256; x_wconf 78' lang='lat' dir='ltr'><strong>cunctaqueproe-</strong></span> <span class='ocrx_word' id='word_1_196' title='bbox 1791 2220 1795 2230; x_wconf 82' lang='lat'><strong>.</strong></span> 
     </span>
    </p>
   </div>
   <div class='ocr_carea' id='block_1_6' title="bbox 241 2270 1821 3516">
    <p class='ocr_par' dir='ltr' id='par_1_6' title="bbox 241 2270 1821 3516">
     <span class='ocr_line' id='line_1_18' title="bbox 338 2270 1750 2364; baseline 0 -25"><span class='ocrx_word' id='word_1_197' title='bbox 338 2274 437 2340; x_wconf 83' lang='lat' dir='ltr'><strong>senti</strong></span> <span class='ocrx_word' id='word_1_198' title='bbox 447 2270 592 2364; x_wconf 77' lang='lat' dir='ltr'><strong>ignavia</strong></span> <span class='ocrx_word' id='word_1_199' title='bbox 608 2271 814 2340; x_wconf 73' lang='lat' dir='ltr'><strong>mutosis-tis</strong></span> <span class='ocrx_word' id='word_1_200' title='bbox 826 2316 868 2328; x_wconf 95' lang='lat'>-</span> <span class='ocrx_word' id='word_1_201' title='bbox 885 2278 959 2341; x_wconf 83' lang='lat' dir='ltr'><strong>haec</strong></span> <span class='ocrx_word' id='word_1_202' title='bbox 979 2297 1051 2340; x_wconf 88' lang='lat' dir='ltr'><strong>non</strong></span> <span class='ocrx_word' id='word_1_203' title='bbox 1066 2277 1312 2344; x_wconf 88' lang='lat' dir='ltr'><strong>confundenda</strong></span> <span class='ocrx_word' id='word_1_204' title='bbox 1327 2302 1406 2345; x_wconf 90' lang='lat' dir='ltr'><strong>cum</strong></span> <span class='ocrx_word' id='word_1_205' title='bbox 1419 2279 1533 2344; x_wconf 79' lang='lat' dir='ltr'><strong>verbis</strong></span> <span class='ocrx_word' id='word_1_206' title='bbox 1552 2279 1656 2358; x_wconf 89' lang='lat' dir='ltr'><strong>hujus</strong></span> <span class='ocrx_word' id='word_1_207' title='bbox 1674 2298 1750 2344; x_wconf 89' lang='lat' dir='ltr'><strong>ora·</strong></span> 
     </span>
     <span class='ocr_line' id='line_1_19' title="bbox 339 2375 1750 2478; baseline 0.001 -35"><span class='ocrx_word' id='word_1_208' title='bbox 339 2381 462 2444; x_wconf 83' lang='lat' dir='ltr'><strong>tionis:</strong></span> <span class='ocrx_word' id='word_1_209' title='bbox 484 2376 636 2445; x_wconf 82' lang='lat' dir='ltr'><strong>nomina</strong></span> <span class='ocrx_word' id='word_1_210' title='bbox 652 2390 778 2445; x_wconf 82' lang='lat' dir='ltr'><strong>rer&#39;um</strong></span> <span class='ocrx_word' id='word_1_211' title='bbox 792 2383 845 2444; x_wconf 88' lang='lat' dir='ltr'><strong>ad</strong></span> <span class='ocrx_word' id='word_1_212' title='bbox 858 2378 1043 2469; x_wconf 79' lang='lat' dir='ltr'><strong>ignavium</strong></span> <span class='ocrx_word' id='word_1_213' title='bbox 1059 2391 1255 2478; x_wconf 77' lang='lat' dir='ltr'><strong>mutantes.</strong></span> <span class='ocrx_word' id='word_1_214' title='bbox 1274 2385 1340 2448; x_wconf 91' lang='lat' dir='ltr'><strong>Sed</strong></span> <span class='ocrx_word' id='word_1_215' title='bbox 1355 2375 1472 2466; x_wconf 80' lang='lat' dir='ltr'><strong>potius</strong></span> <span class='ocrx_word' id='word_1_216' title='bbox 1490 2384 1529 2464; x_wconf 81' lang='lat' dir='ltr'><strong>in</strong></span> <span class='ocrx_word' id='word_1_217' title='bbox 1547 2385 1750 2447; x_wconf 85' lang='lat' dir='ltr'><strong>memoriam</strong></span> 
     </span>
     <span class='ocr_line' id='line_1_20' title="bbox 340 2480 1749 2569; baseline 0.003 -19"><span class='ocrx_word' id='word_1_218' title='bbox 340 2490 529 2551; x_wconf 89' lang='lat' dir='ltr'><strong>revocanda</strong></span> <span class='ocrx_word' id='word_1_219' title='bbox 548 2507 589 2551; x_wconf 84' lang='lat' dir='ltr'><strong>ex</strong></span> <span class='ocrx_word' id='word_1_220' title='bbox 607 2488 701 2549; x_wconf 89' lang='lat' dir='ltr'><strong>Orat.</strong></span> <span class='ocrx_word' id='word_1_221' title='bbox 719 2486 826 2547; x_wconf 76' lang='lat' dir='ltr'><strong>Phil:</strong></span> <span class='ocrx_word' id='word_1_222' title='bbox 841 2503 946 2547; x_wconf 80' lang='lat' dir='ltr'><strong>uento</strong></span> <span class='ocrx_word' id='word_1_223' title='bbox 964 2480 1101 2546; x_wconf 81' lang='lat' dir='ltr'><strong>diurna</strong></span> <span class='ocrx_word' id='word_1_224' title='bbox 1119 2483 1281 2545; x_wconf 87' lang='lat' dir='ltr'><strong>mercede</strong></span> <span class='ocrx_word' id='word_1_225' title='bbox 1292 2480 1401 2545; x_wconf 80' lang='lat' dir='ltr'><strong>vitam</strong></span> <span class='ocrx_word' id='word_1_226' title='bbox 1418 2484 1624 2553; x_wconf 79' lang='lat' dir='ltr'><strong>mutaverit.</strong></span> <span class='ocrx_word' id='word_1_227' title='bbox 1635 2483 1749 2569; x_wconf 79' lang='lat' dir='ltr'><strong>neque</strong></span> 
     </span>
     <span class='ocr_line' id='line_1_21' title="bbox 340 2575 1747 2676; baseline 0.001 -22"><span class='ocrx_word' id='word_1_228' title='bbox 340 2592 370 2654; x_wconf 89' lang='lat' dir='ltr'><strong>is</strong></span> <span class='ocrx_word' id='word_1_229' title='bbox 385 2592 482 2655; x_wconf 88' lang='lat' dir='ltr'><strong>locus</strong></span> <span class='ocrx_word' id='word_1_230' title='bbox 494 2593 597 2676; x_wconf 88' lang='lat' dir='ltr'><strong>plane</strong></span> <span class='ocrx_word' id='word_1_231' title='bbox 611 2590 796 2672; x_wconf 84' lang='lat' dir='ltr'><strong>respondet</strong></span> <span class='ocrx_word' id='word_1_232' title='bbox 805 2613 815 2664; x_wconf 79' lang='lat'>3</span> <span class='ocrx_word' id='word_1_233' title='bbox 837 2606 917 2648; x_wconf 88' lang='lat' dir='ltr'><strong>nam</strong></span> <span class='ocrx_word' id='word_1_234' title='bbox 932 2587 1038 2670; x_wconf 91' lang='lat' dir='ltr'><strong>paulo</strong></span> <span class='ocrx_word' id='word_1_235' title='bbox 1050 2586 1170 2649; x_wconf 87' lang='lat' dir='ltr'><strong>durius</strong></span> <span class='ocrx_word' id='word_1_236' title='bbox 1186 2595 1253 2671; x_wconf 88' lang='lat' dir='ltr'><strong>est,</strong></span> <span class='ocrx_word' id='word_1_237' title='bbox 1274 2585 1427 2668; x_wconf 86' lang='lat' dir='ltr'><strong>aliquem</strong></span> <span class='ocrx_word' id='word_1_238' title='bbox 1442 2590 1559 2652; x_wconf 88' lang='lat' dir='ltr'><strong>omnia</strong></span> <span class='ocrx_word' id='word_1_239' title='bbox 1576 2592 1597 2654; x_wconf 93' lang='lat' dir='ltr'><strong>i.</strong></span> <span class='ocrx_word' id='word_1_240' title='bbox 1609 2611 1636 2655; x_wconf 90' lang='lat' dir='ltr'><strong>e.</strong></span> <span class='ocrx_word' id='word_1_241' title='bbox 1651 2575 1747 2670; x_wconf 82' lang='lat' dir='ltr'><strong>jura,</strong></span> 
     </span>
     <span class='ocr_line' id='line_1_22' title="bbox 339 2683 1750 2779; baseline 0.001 -22"><span class='ocrx_word' id='word_1_242' title='bbox 339 2697 535 2759; x_wconf 85' lang='lat' dir='ltr'><strong>libertatem</strong></span> <span class='ocrx_word' id='word_1_243' title='bbox 557 2704 618 2758; x_wconf 90' lang='lat' dir='ltr'><strong>etc.</strong></span> <span class='ocrx_word' id='word_1_244' title='bbox 641 2702 786 2756; x_wconf 86' lang='lat' dir='ltr'><strong>mutare.</strong></span> <span class='ocrx_word' id='word_1_245' title='bbox 814 2692 838 2758; x_wconf 84' lang='lat' dir='ltr'><strong>i.</strong></span> <span class='ocrx_word' id='word_1_246' title='bbox 860 2713 888 2755; x_wconf 93' lang='lat' dir='ltr'><strong>e.</strong></span> <span class='ocrx_word' id='word_1_247' title='bbox 914 2693 1106 2776; x_wconf 84' lang='lat' dir='ltr'><strong>negIIgere,</strong></span> <span class='ocrx_word' id='word_1_248' title='bbox 1126 2711 1191 2774; x_wconf 92' lang='lat' dir='ltr'><strong>pro</strong></span> <span class='ocrx_word' id='word_1_249' title='bbox 1218 2683 1380 2775; x_wconf 83' lang='lat' dir='ltr'><strong>praesenti</strong></span> <span class='ocrx_word' id='word_1_250' title='bbox 1396 2693 1536 2779; x_wconf 84' lang='lat' dir='ltr'><strong>ignavia</strong></span> <span class='ocrx_word' id='word_1_251' title='bbox 1553 2694 1576 2757; x_wconf 90' lang='lat' dir='ltr'><strong>i.</strong></span> <span class='ocrx_word' id='word_1_252' title='bbox 1598 2716 1628 2758; x_wconf 93' lang='lat' dir='ltr'><strong>e.</strong></span> <span class='ocrx_word' id='word_1_253' title='bbox 1649 2704 1688 2758; x_wconf 93' lang='lat' dir='ltr'><strong>ut</strong></span> <span class='ocrx_word' id='word_1_254' title='bbox 1710 2697 1750 2758; x_wconf 90' lang='lat' dir='ltr'><strong>in</strong></span> 
     </span>
     <span class='ocr_line' id='line_1_23' title="bbox 340 2795 1750 2885; baseline 0.001 -22"><span class='ocrx_word' id='word_1_255' title='bbox 340 2801 522 2885; x_wconf 74' lang='lat' dir='ltr'><strong>praesentia</strong></span> <span class='ocrx_word' id='word_1_256' title='bbox 542 2801 667 2883; x_wconf 85' lang='lat' dir='ltr'><strong>ignavo</strong></span> <span class='ocrx_word' id='word_1_257' title='bbox 694 2798 728 2860; x_wconf 89' lang='lat' dir='ltr'><strong>ei</strong></span> <span class='ocrx_word' id='word_1_258' title='bbox 758 2816 841 2866; x_wconf 82' lang='lat' dir='ltr'><strong>esse,</strong></span> <span class='ocrx_word' id='word_1_259' title='bbox 854 2795 967 2858; x_wconf 87' lang='lat' dir='ltr'><strong>liceat.</strong></span> <span class='ocrx_word' id='word_1_260' title='bbox 991 2796 1059 2860; x_wconf 86' lang='lat' dir='ltr'><strong>Sed</strong></span> <span class='ocrx_word' id='word_1_261' title='bbox 1083 2795 1217 2859; x_wconf 86' lang='lat' dir='ltr'><strong>diversa</strong></span> <span class='ocrx_word' id='word_1_262' title='bbox 1237 2796 1490 2881; x_wconf 89' lang='lat' dir='ltr'><strong>interpretandi</strong></span> <span class='ocrx_word' id='word_1_263' title='bbox 1518 2800 1607 2863; x_wconf 84' lang='lat' dir='ltr'><strong>ratio</strong></span> <span class='ocrx_word' id='word_1_264' title='bbox 1634 2800 1750 2864; x_wconf 89' lang='lat' dir='ltr'><strong>minus</strong></span> 
     </span>
     <span class='ocr_line' id='line_1_24' title="bbox 342 2889 1821 2989; baseline -0.001 -20"><span class='ocrx_word' id='word_1_265' title='bbox 342 2907 444 2969; x_wconf 87' lang='lat' dir='ltr'><strong>etiam</strong></span> <span class='ocrx_word' id='word_1_266' title='bbox 464 2905 648 2989; x_wconf 62' lang='lat' dir='ltr'><strong>coneiuuag</strong></span> <span class='ocrx_word' id='word_1_267' title='bbox 668 2889 747 2964; x_wconf 82' lang='lat' dir='ltr'><strong>nam</strong></span> <span class='ocrx_word' id='word_1_268' title='bbox 765 2907 900 2964; x_wconf 79' lang='lat' dir='ltr'><strong>cuncto</strong></span> <span class='ocrx_word' id='word_1_269' title='bbox 914 2900 959 2960; x_wconf 89' lang='lat' dir='ltr'><strong>ad</strong></span> <span class='ocrx_word' id='word_1_270' title='bbox 980 2906 1091 2962; x_wconf 86' lang='lat' dir='ltr'><strong>totum</strong></span> <span class='ocrx_word' id='word_1_271' title='bbox 1109 2899 1308 2983; x_wconf 76' lang='lat' dir='ltr'><strong>reipublicae</strong></span> <span class='ocrx_word' id='word_1_272' title='bbox 1327 2897 1451 2966; x_wconf 76' lang='lat' dir='ltr'><strong>statum</strong></span> <span class='ocrx_word' id='word_1_273' title='bbox 1473 2905 1619 2988; x_wconf 86' lang='lat' dir='ltr'><strong>referre,</strong></span> <span class='ocrx_word' id='word_1_274' title='bbox 1640 2913 1674 2969; x_wconf 93' lang='lat' dir='ltr'><strong>et</strong></span> <span class='ocrx_word' id='word_1_275' title='bbox 1687 2905 1750 2967; x_wconf 83' lang='lat' dir='ltr'><strong>ab·</strong></span> <span class='ocrx_word' id='word_1_276' title='bbox 1820 2921 1821 2926; x_wconf 73' lang='grc'>’</span> 
     </span>
     <span class='ocr_line' id='line_1_25' title="bbox 340 3003 1747 3097; baseline 0 -25"><span class='ocrx_word' id='word_1_277' title='bbox 340 3009 485 3074; x_wconf 87' lang='lat' dir='ltr'><strong>lativum</strong></span> <span class='ocrx_word' id='word_1_278' title='bbox 505 3005 652 3097; x_wconf 77' lang='lat' dir='ltr'><strong>ignavia</strong></span> <span class='ocrx_word' id='word_1_279' title='bbox 670 3008 840 3070; x_wconf 87' lang='lat' dir='ltr'><strong>causalem</strong></span> <span class='ocrx_word' id='word_1_280' title='bbox 855 3003 999 3088; x_wconf 88' lang='lat' dir='ltr'><strong>habere,</strong></span> <span class='ocrx_word' id='word_1_281' title='bbox 1021 3012 1060 3066; x_wconf 93' lang='lat' dir='ltr'><strong>ut</strong></span> <span class='ocrx_word' id='word_1_282' title='bbox 1077 3005 1187 3091; x_wconf 88' lang='lat' dir='ltr'><strong>magis</strong></span> <span class='ocrx_word' id='word_1_283' title='bbox 1201 3005 1426 3092; x_wconf 79' lang='lat' dir='ltr'><strong>inpromptu,</strong></span> <span class='ocrx_word' id='word_1_284' title='bbox 1450 3007 1498 3071; x_wconf 89' lang='lat' dir='ltr'><strong>ita</strong></span> <span class='ocrx_word' id='word_1_285' title='bbox 1517 3029 1537 3072; x_wconf 88' lang='lat' dir='ltr'><strong>a</strong></span> <span class='ocrx_word' id='word_1_286' title='bbox 1553 3009 1747 3092; x_wconf 82' lang='lat' dir='ltr'><strong>Salustiano</strong></span> 
     </span>
     <span class='ocr_line' id='line_1_26' title="bbox 329 3105 1750 3198; baseline 0 -21"><span class='ocrx_word' id='word_1_287' title='bbox 329 3105 481 3180; x_wconf 74' lang='lat' dir='ltr'><strong>”dicendi</strong></span> <span class='ocrx_word' id='word_1_288' title='bbox 501 3133 626 3198; x_wconf 85' lang='lat' dir='ltr'><strong>genere</strong></span> <span class='ocrx_word' id='word_1_289' title='bbox 651 3113 759 3197; x_wconf 88' lang='lat' dir='ltr'><strong>magis</strong></span> <span class='ocrx_word' id='word_1_290' title='bbox 787 3112 941 3176; x_wconf 76' lang='lat' dir='ltr'><strong>allenum</strong></span> <span class='ocrx_word' id='word_1_291' title='bbox 970 3120 1030 3190; x_wconf 81' lang='lat' dir='ltr'><strong>est.</strong></span> <span class='ocrx_word' id='word_1_292' title='bbox 1065 3114 1228 3177; x_wconf 82' lang='lat' dir='ltr'><strong>Munera</strong></span> <span class='ocrx_word' id='word_1_293' title='bbox 1252 3109 1384 3176; x_wconf 85' lang='lat' dir='ltr'><strong>ditium</strong></span> <span class='ocrx_word' id='word_1_294' title='bbox 1415 3112 1647 3178; x_wconf 81' lang='lat' dir='ltr'><strong>dominorum</strong></span> <span class='ocrx_word' id='word_1_295' title='bbox 1682 3114 1750 3177; x_wconf 87' lang='lat' dir='ltr'><strong>sci-</strong></span> 
     </span>
     <span class='ocr_line' id='line_1_27' title="bbox 241 3203 1749 3305; baseline 0.001 -24"><span class='ocrx_word' id='word_1_296' title='bbox 241 3208 243 3216; x_wconf 38' lang='lat'>*</span> <span class='ocrx_word' id='word_1_297' title='bbox 342 3221 425 3282; x_wconf 89' lang='lat' dir='ltr'><strong>licet</strong></span> <span class='ocrx_word' id='word_1_298' title='bbox 451 3238 495 3283; x_wconf 89' lang='lat' dir='ltr'><strong>ne</strong></span> <span class='ocrx_word' id='word_1_299' title='bbox 519 3221 593 3282; x_wconf 86' lang='lat' dir='ltr'><strong>haec</strong></span> <span class='ocrx_word' id='word_1_300' title='bbox 616 3236 727 3300; x_wconf 89' lang='lat' dir='ltr'><strong>pauca</strong></span> <span class='ocrx_word' id='word_1_301' title='bbox 756 3203 915 3300; x_wconf 78' lang='lat' dir='ltr'><strong>quider&#39;n,</strong></span> <span class='ocrx_word' id='word_1_302' title='bbox 949 3236 1026 3297; x_wconf 83' lang='lat' dir='ltr'><strong>quae</strong></span> <span class='ocrx_word' id='word_1_303' title='bbox 1049 3217 1148 3281; x_wconf 92' lang='lat' dir='ltr'><strong>vobis</strong></span> <span class='ocrx_word' id='word_1_304' title='bbox 1169 3217 1291 3280; x_wconf 86' lang='lat' dir='ltr'><strong>relicta</strong></span> <span class='ocrx_word' id='word_1_305' title='bbox 1308 3226 1401 3298; x_wconf 90' lang='lat' dir='ltr'><strong>suut,</strong></span> <span class='ocrx_word' id='word_1_306' title='bbox 1423 3239 1487 3301; x_wconf 89' lang='lat' dir='ltr'><strong>pro</strong></span> <span class='ocrx_word' id='word_1_307' title='bbox 1510 3219 1585 3296; x_wconf 85' lang='lat' dir='ltr'><strong>jure</strong></span> <span class='ocrx_word' id='word_1_308' title='bbox 1606 3240 1749 3305; x_wconf 90' lang='lat' dir='ltr'><strong>usurpa-</strong></span> 
     </span>
     <span class='ocr_line' id='line_1_28' title="bbox 344 3318 1750 3410; baseline 0.002 -24"><span class='ocrx_word' id='word_1_309' title='bbox 344 3321 407 3407; x_wconf 86' lang='lat' dir='ltr'><strong>tis,</strong></span> <span class='ocrx_word' id='word_1_310' title='bbox 429 3328 489 3387; x_wconf 90' lang='lat' dir='ltr'><strong>sed</strong></span> <span class='ocrx_word' id='word_1_311' title='bbox 509 3323 609 3404; x_wconf 88' lang='lat' dir='ltr'><strong>quasi</strong></span> <span class='ocrx_word' id='word_1_312' title='bbox 625 3328 759 3386; x_wconf 87' lang='lat' dir='ltr'><strong>muneri</strong></span> <span class='ocrx_word' id='word_1_313' title='bbox 780 3323 880 3385; x_wconf 86' lang='lat' dir='ltr'><strong>vobis</strong></span> <span class='ocrx_word' id='word_1_314' title='bbox 897 3321 975 3384; x_wconf 89' lang='lat' dir='ltr'><strong>data</strong></span> <span class='ocrx_word' id='word_1_315' title='bbox 993 3322 1080 3404; x_wconf 90' lang='lat' dir='ltr'><strong>sint,</strong></span> <span class='ocrx_word' id='word_1_316' title='bbox 1101 3322 1151 3384; x_wconf 85' lang='lat' dir='ltr'><strong>ita</strong></span> <span class='ocrx_word' id='word_1_317' title='bbox 1168 3318 1269 3408; x_wconf 83' lang='lat' dir='ltr'><strong>agite.</strong></span> <span class='ocrx_word' id='word_1_318' title='bbox 1288 3324 1355 3386; x_wconf 85' lang='lat' dir='ltr'><strong>Sed</strong></span> <span class='ocrx_word' id='word_1_319' title='bbox 1373 3322 1462 3387; x_wconf 88' lang='lat' dir='ltr'><strong>inest</strong></span> <span class='ocrx_word' id='word_1_320' title='bbox 1477 3321 1590 3407; x_wconf 87' lang='lat' dir='ltr'><strong>gravis</strong></span> <span class='ocrx_word' id='word_1_321' title='bbox 1603 3323 1750 3410; x_wconf 74' lang='lat' dir='ltr'><strong>ignavie</strong></span> 
     </span>
     <span class='ocr_line' id='line_1_29' title="bbox 343 3407 1751 3516; baseline 0.003 -24"><span class='ocrx_word' id='word_1_322' title='bbox 343 3429 557 3516; x_wconf 76' lang='lat' dir='ltr'><strong>objurgatio,</strong></span> <span class='ocrx_word' id='word_1_323' title='bbox 588 3431 683 3510; x_wconf 91' lang='lat' dir='ltr'><strong>quod</strong></span> <span class='ocrx_word' id='word_1_324' title='bbox 709 3422 793 3489; x_wconf 86' lang='lat' dir='ltr'><strong>talia</strong></span> <span class='ocrx_word' id='word_1_325' title='bbox 812 3427 918 3490; x_wconf 91' lang='lat' dir='ltr'><strong>servis</strong></span> <span class='ocrx_word' id='word_1_326' title='bbox 936 3427 1080 3490; x_wconf 34' lang='lat' dir='ltr'><strong>*domini</strong></span> <span class='ocrx_word' id='word_1_327' title='bbox 1100 3426 1350 3513; x_wconf 79' lang='lat' dir='ltr'><strong>gratificantur3</strong></span> <span class='ocrx_word' id='word_1_328' title='bbox 1379 3429 1422 3492; x_wconf 91' lang='lat' dir='ltr'><strong>de</strong></span> <span class='ocrx_word' id='word_1_329' title='bbox 1442 3407 1671 3511; x_wconf 87' lang='lat' dir='ltr'><strong>appositionis</strong></span> <span class='ocrx_word' id='word_1_330' title='bbox 1692 3451 1751 3516; x_wconf 86' lang='lat' dir='ltr'><strong>ge·</strong></span> 
     </span>
    </p>
   </div>
   <div class='ocr_carea' id='block_1_7' title="bbox 342 3527 1870 3624">
    <p class='ocr_par' dir='ltr' id='par_1_7' title="bbox 342 3527 1870 3624">
     <span class='ocr_line' id='line_1_30' title="bbox 342 3527 1870 3624; baseline 0 -26"><span class='ocrx_word' id='word_1_331' title='bbox 342 3556 424 3600; x_wconf 92' lang='lat' dir='ltr'><strong>nere</strong></span> <span class='ocrx_word' id='word_1_332' title='bbox 451 3535 511 3597; x_wconf 84' lang='lat' dir='ltr'><strong>csr.</strong></span> <span class='ocrx_word' id='word_1_333' title='bbox 534 3539 685 3617; x_wconf 85' lang='lat' dir='ltr'><strong>Interpp.</strong></span> <span class='ocrx_word' id='word_1_334' title='bbox 705 3535 750 3594; x_wconf 91' lang='lat' dir='ltr'><strong>ad</strong></span> <span class='ocrx_word' id='word_1_335' title='bbox 780 3534 858 3600; x_wconf 89' lang='lat' dir='ltr'><strong>Tac.</strong></span> <span class='ocrx_word' id='word_1_336' title='bbox 886 3527 1000 3595; x_wconf 89' lang='lat' dir='ltr'><strong>Germ.</strong></span> <span class='ocrx_word' id='word_1_337' title='bbox 1021 3553 1049 3594; x_wconf 92' lang='lat' dir='ltr'><strong>c.</strong></span> <span class='ocrx_word' id='word_1_338' title='bbox 1073 3553 1101 3614; x_wconf 87' lang='lat'><strong>9.</strong></span> <span class='ocrx_word' id='word_1_339' title='bbox 1123 3531 1341 3620; x_wconf 83' lang='lat' dir='ltr'><strong>Agrestibus</strong></span> <span class='ocrx_word' id='word_1_340' title='bbox 1365 3533 1421 3606; x_wconf 56' lang='lat' dir='ltr'><strong>«h.</strong></span> <span class='ocrx_word' id='word_1_341' title='bbox 1446 3551 1474 3595; x_wconf 90' lang='lat' dir='ltr'><strong>e.</strong></span> <span class='ocrx_word' id='word_1_342' title='bbox 1496 3532 1593 3615; x_wconf 91' lang='lat' dir='ltr'><strong>plebi</strong></span> <span class='ocrx_word' id='word_1_343' title='bbox 1615 3533 1750 3599; x_wconf 75' lang='lat' dir='ltr'><strong>rusticae</strong></span> <span class='ocrx_word' id='word_1_344' title='bbox 1794 3617 1797 3624; x_wconf 25' lang='grc'>1</span> <span class='ocrx_word' id='word_1_345' title='bbox 1841 3569 1870 3588; x_wconf 82' lang='grc'><strong>-·</strong></span> 
     </span>
    </p>
   </div>
   <div class='ocr_carea' id='block_1_8' title="bbox 342 3631 1754 3937">
    <p class='ocr_par' dir='ltr' id='par_1_8' title="bbox 342 3631 1754 3937">
     <span class='ocr_line' id='line_1_31' title="bbox 344 3631 1751 3728; baseline -0.003 -23"><span class='ocrx_word' id='word_1_346' title='bbox 344 3662 419 3721; x_wconf 88' lang='lat' dir='ltr'><strong>quae</strong></span> <span class='ocrx_word' id='word_1_347' title='bbox 449 3631 600 3705; x_wconf 81' lang='lat' dir='ltr'><strong>durioris</strong></span> <span class='ocrx_word' id='word_1_348' title='bbox 631 3644 703 3700; x_wconf 89' lang='lat' dir='ltr'><strong>erat</strong></span> <span class='ocrx_word' id='word_1_349' title='bbox 737 3637 968 3728; x_wconf 74' lang='lat' dir='ltr'><strong>conditionis,</strong></span> <span class='ocrx_word' id='word_1_350' title='bbox 1003 3658 1107 3720; x_wconf 86' lang='lat' dir='ltr'><strong>quam</strong></span> <span class='ocrx_word' id='word_1_351' title='bbox 1140 3634 1290 3721; x_wconf 87' lang='lat' dir='ltr'><strong>urbana,</strong></span> <span class='ocrx_word' id='word_1_352' title='bbox 1324 3636 1385 3706; x_wconf 87' lang='lat' dir='ltr'><strong>cfr.</strong></span> <span class='ocrx_word' id='word_1_353' title='bbox 1408 3640 1595 3703; x_wconf 85' lang='lat' dir='ltr'><strong>Asconium</strong></span> <span class='ocrx_word' id='word_1_354' title='bbox 1622 3639 1661 3726; x_wconf 82' lang='lat' dir='ltr'><strong>iu</strong></span> <span class='ocrx_word' id='word_1_355' title='bbox 1689 3640 1751 3702; x_wconf 92' lang='lat' dir='ltr'><strong>Di-</strong></span> 
     </span>
     <span class='ocr_line' id='line_1_32' title="bbox 342 3739 1754 3832; baseline 0 -24"><span class='ocrx_word' id='word_1_356' title='bbox 342 3746 447 3808; x_wconf 85' lang='lat' dir='ltr'><strong>vinat.</strong></span> <span class='ocrx_word' id='word_1_357' title='bbox 469 3767 548 3832; x_wconf 91' lang='lat' dir='ltr'><strong>pag.</strong></span> <span class='ocrx_word' id='word_1_358' title='bbox 581 3769 636 3826; x_wconf 85' lang='lat'><strong>19:</strong></span> <span class='ocrx_word' id='word_1_359' title='bbox 662 3739 762 3829; x_wconf 85' lang='lat' dir='ltr'><strong>plebs</strong></span> <span class='ocrx_word' id='word_1_360' title='bbox 786 3743 914 3806; x_wconf 80' lang='lat' dir='ltr'><strong>mstica</strong></span> <span class='ocrx_word' id='word_1_361' title='bbox 945 3739 1073 3828; x_wconf 86' lang='lat' dir='ltr'><strong>partim</strong></span> <span class='ocrx_word' id='word_1_362' title='bbox 1097 3743 1154 3821; x_wconf 90' lang='lat' dir='ltr'><strong>jus</strong></span> <span class='ocrx_word' id='word_1_363' title='bbox 1185 3742 1333 3808; x_wconf 83' lang='lat' dir='ltr'><strong>civitatis</strong></span> <span class='ocrx_word' id='word_1_364' title='bbox 1360 3743 1488 3826; x_wconf 87' lang='lat' dir='ltr'><strong>amisit,</strong></span> <span class='ocrx_word' id='word_1_365' title='bbox 1522 3744 1650 3828; x_wconf 88' lang='lat' dir='ltr'><strong>partim</strong></span> <span class='ocrx_word' id='word_1_366' title='bbox 1678 3765 1754 3822; x_wconf 49' lang='lat' dir='ltr'><strong>om*</strong></span> 
     </span>
     <span class='ocr_line' id='line_1_33' title="bbox 345 3843 1753 3937; baseline 0.001 -27"><span class='ocrx_word' id='word_1_367' title='bbox 345 3851 431 3912; x_wconf 88' lang='lat' dir='ltr'><strong>uino</strong></span> <span class='ocrx_word' id='word_1_368' title='bbox 468 3850 660 3934; x_wconf 88' lang='lat' dir='ltr'><strong>proscripta</strong></span> <span class='ocrx_word' id='word_1_369' title='bbox 693 3858 759 3930; x_wconf 88' lang='lat' dir='ltr'><strong>est,</strong></span> <span class='ocrx_word' id='word_1_370' title='bbox 800 3843 930 3912; x_wconf 87' lang='lat' dir='ltr'><strong>victore</strong></span> <span class='ocrx_word' id='word_1_371' title='bbox 968 3847 1084 3932; x_wconf 91' lang='lat' dir='ltr'><strong>Sulla,</strong></span> <span class='ocrx_word' id='word_1_372' title='bbox 1125 3851 1220 3929; x_wconf 91' lang='lat' dir='ltr'><strong>quod</strong></span> <span class='ocrx_word' id='word_1_373' title='bbox 1258 3848 1356 3932; x_wconf 90' lang='lat' dir='ltr'><strong>plebs</strong></span> <span class='ocrx_word' id='word_1_374' title='bbox 1402 3847 1559 3912; x_wconf 85' lang='lat' dir='ltr'><strong>Romana</strong></span> <span class='ocrx_word' id='word_1_375' title='bbox 1594 3852 1637 3918; x_wconf 89' lang='lat' dir='ltr'><strong>de</strong></span> <span class='ocrx_word' id='word_1_376' title='bbox 1677 3850 1753 3937; x_wconf 84' lang='lat' dir='ltr'><strong>Ma-</strong></span> 
     </span>
    </p>
   </div>
   <div class='ocr_carea' id='block_1_9' title="bbox 293 3947 1876 4042">
    <p class='ocr_par' dir='ltr' id='par_1_9' title="bbox 293 3947 1876 4042">
     <span class='ocr_line' id='line_1_34' title="bbox 293 3947 1876 4042; baseline 0.001 -26"><span class='ocrx_word' id='word_1_377' title='bbox 293 3947 295 3951; x_wconf 67' lang='grc'>’</span> <span class='ocrx_word' id='word_1_378' title='bbox 343 3955 452 4016; x_wconf 89' lang='lat' dir='ltr'><strong>rianis</strong></span> <span class='ocrx_word' id='word_1_379' title='bbox 481 3955 638 4034; x_wconf 87' lang='lat' dir='ltr'><strong>partibus</strong></span> <span class='ocrx_word' id='word_1_380' title='bbox 674 3949 822 4018; x_wconf 60' lang='lat' dir='ltr'><strong>iuerat.)&gt;</strong></span> <span class='ocrx_word' id='word_1_381' title='bbox 857 3951 924 4016; x_wconf 89' lang='lat' dir='ltr'><strong>Sed</strong></span> <span class='ocrx_word' id='word_1_382' title='bbox 953 3950 987 4015; x_wconf 89' lang='lat' dir='ltr'><strong>h.</strong></span> <span class='ocrx_word' id='word_1_383' title='bbox 1018 3954 1042 4016; x_wconf 92' lang='lat' dir='ltr'><strong>l.</strong></span> <span class='ocrx_word' id='word_1_384' title='bbox 1068 3953 1229 4037; x_wconf 87' lang='lat' dir='ltr'><strong>inprimis</strong></span> <span class='ocrx_word' id='word_1_385' title='bbox 1264 3955 1425 4017; x_wconf 87' lang='lat' dir='ltr'><strong>severitas</strong></span> <span class='ocrx_word' id='word_1_386' title='bbox 1448 3954 1487 4016; x_wconf 92' lang='lat' dir='ltr'><strong>in</strong></span> <span class='ocrx_word' id='word_1_387' title='bbox 1522 3954 1658 4042; x_wconf 82' lang='lat' dir='ltr'><strong>delectu</strong></span> <span class='ocrx_word' id='word_1_388' title='bbox 1691 3951 1754 4020; x_wconf 86' lang='lat' dir='ltr'><strong>ha·</strong></span> <span class='ocrx_word' id='word_1_389' title='bbox 1871 3985 1876 3994; x_wconf 81' lang='lat'><em>·</em></span> 
     </span>
    </p>
   </div>
   <div class='ocr_carea' id='block_1_10' title="bbox 282 4045 1857 4460">
    <p class='ocr_par' dir='ltr' id='par_1_10' title="bbox 282 4045 1857 4460">
     <span class='ocr_line' id='line_1_35' title="bbox 342 4045 1757 4138; baseline 0.001 -17"><span class='ocrx_word' id='word_1_390' title='bbox 342 4059 458 4121; x_wconf 90' lang='lat' dir='ltr'><strong>bendo</strong></span> <span class='ocrx_word' id='word_1_391' title='bbox 480 4056 708 4138; x_wconf 83' lang='lat' dir='ltr'><strong>intelligenda</strong></span> <span class='ocrx_word' id='word_1_392' title='bbox 724 4067 785 4122; x_wconf 87' lang='lat' dir='ltr'><strong>est.</strong></span> <span class='ocrx_word' id='word_1_393' title='bbox 804 4096 846 4110; x_wconf 94' lang='lat'><em>-</em></span> <span class='ocrx_word' id='word_1_394' title='bbox 874 4062 1031 4123; x_wconf 85' lang='lat' dir='ltr'><strong>Ceterum</strong></span> <span class='ocrx_word' id='word_1_395' title='bbox 1059 4061 1132 4124; x_wconf 87' lang='lat' dir='ltr'><strong>baec</strong></span> <span class='ocrx_word' id='word_1_396' title='bbox 1164 4056 1278 4122; x_wconf 89' lang='lat' dir='ltr'><strong>oratio</strong></span> <span class='ocrx_word' id='word_1_397' title='bbox 1305 4065 1344 4122; x_wconf 88' lang='lat' dir='ltr'><strong>ut</strong></span> <span class='ocrx_word' id='word_1_398' title='bbox 1360 4045 1528 4120; x_wconf 73' lang='lat' dir='ltr'><strong>omnium&#39;</strong></span> <span class='ocrx_word' id='word_1_399' title='bbox 1546 4059 1757 4123; x_wconf 74' lang='lat' dir='ltr'><strong>Salustiana·&#39;</strong></span> 
     </span>
     <span class='ocr_line' id='line_1_36' title="bbox 343 4159 1753 4250; baseline 0 -24"><span class='ocrx_word' id='word_1_400' title='bbox 343 4183 421 4226; x_wconf 90' lang='lat' dir='ltr'><strong>rum</strong></span> <span class='ocrx_word' id='word_1_401' title='bbox 439 4171 488 4224; x_wconf 87' lang='lat' dir='ltr'><strong>est</strong></span> <span class='ocrx_word' id='word_1_402' title='bbox 510 4161 615 4245; x_wconf 91' lang='lat' dir='ltr'><strong>longe</strong></span> <span class='ocrx_word' id='word_1_403' title='bbox 636 4159 934 4228; x_wconf 85' lang='lat' dir='ltr'><strong>vehementissima</strong></span> <span class='ocrx_word' id='word_1_404' title='bbox 956 4171 990 4228; x_wconf 91' lang='lat' dir='ltr'><strong>et</strong></span> <span class='ocrx_word' id='word_1_405' title='bbox 1008 4159 1242 4246; x_wconf 87' lang='lat' dir='ltr'><strong>acerbissima,</strong></span> <span class='ocrx_word' id='word_1_406' title='bbox 1262 4163 1312 4228; x_wconf 87' lang='lat' dir='ltr'><strong>ita</strong></span> <span class='ocrx_word' id='word_1_407' title='bbox 1336 4163 1452 4229; x_wconf 85' lang='lat' dir='ltr'><strong>neseio</strong></span> <span class='ocrx_word' id='word_1_408' title='bbox 1484 4184 1529 4227; x_wconf 87' lang='lat' dir='ltr'><strong>an</strong></span> <span class='ocrx_word' id='word_1_409' title='bbox 1549 4165 1753 4250; x_wconf 88' lang='lat' dir='ltr'><strong>dignissima</strong></span> 
     </span>
     <span class='ocr_line' id='line_1_37' title="bbox 345 4260 1754 4349; baseline -0.001 -18"><span class='ocrx_word' id='word_1_410' title='bbox 345 4268 408 4349; x_wconf 89' lang='lat' dir='ltr'><strong>sit,</strong></span> <span class='ocrx_word' id='word_1_411' title='bbox 429 4261 667 4349; x_wconf 72' lang='lat' dir='ltr'><strong>ques&#39;ummis</strong></span> <span class='ocrx_word' id='word_1_412' title='bbox 688 4260 849 4332; x_wconf 83' lang='lat' dir='ltr'><strong>laudibus</strong></span> <span class='ocrx_word' id='word_1_413' title='bbox 868 4270 1069 4334; x_wconf 78' lang='lat' dir='ltr'><strong>celebretur.</strong></span> <span class='ocrx_word' id='word_1_414' title='bbox 1091 4269 1204 4330; x_wconf 84' lang='lat' dir='ltr'><strong>Habet</strong></span> <span class='ocrx_word' id='word_1_415' title='bbox 1225 4266 1319 4331; x_wconf 90' lang='lat' dir='ltr'><strong>euim</strong></span> <span class='ocrx_word' id='word_1_416' title='bbox 1341 4269 1478 4333; x_wconf 89' lang='lat' dir='ltr'><strong>aculeos</strong></span> <span class='ocrx_word' id='word_1_417' title='bbox 1505 4277 1539 4333; x_wconf 89' lang='lat' dir='ltr'><strong>et</strong></span> <span class='ocrx_word' id='word_1_418' title='bbox 1561 4287 1684 4332; x_wconf 85' lang='lat' dir='ltr'><strong>nervos</strong></span> <span class='ocrx_word' id='word_1_419' title='bbox 1700 4267 1754 4330; x_wconf 81' lang='lat' dir='ltr'><strong>fo-</strong></span> 
     </span>
     <span class='ocr_line' id='line_1_38' title="bbox 282 4361 1857 4460; baseline 0.001 -24"><span class='ocrx_word' id='word_1_420' title='bbox 282 4369 287 4374; x_wconf 69' lang='grc'><strong>”</strong></span> <span class='ocrx_word' id='word_1_421' title='bbox 343 4394 474 4460; x_wconf 87' lang='lat' dir='ltr'><strong>renses,</strong></span> <span class='ocrx_word' id='word_1_422' title='bbox 494 4391 582 4456; x_wconf 87' lang='lat' dir='ltr'><strong>quos</strong></span> <span class='ocrx_word' id='word_1_423' title='bbox 596 4370 736 4449; x_wconf 79' lang='lat' dir='ltr'><strong>dicunt,</strong></span> <span class='ocrx_word' id='word_1_424' title='bbox 758 4370 854 4436; x_wconf 87' lang='lat' dir='ltr'><strong>itaut</strong></span> <span class='ocrx_word' id='word_1_425' title='bbox 875 4393 948 4436; x_wconf 88' lang='lat' dir='ltr'><strong>non</strong></span> <span class='ocrx_word' id='word_1_426' title='bbox 962 4370 1178 4456; x_wconf 82' lang='lat' dir='ltr'><strong>Thucydidis</strong></span> <span class='ocrx_word' id='word_1_427' title='bbox 1194 4359 1335 4456; x_wconf 80' lang='lat' dir='ltr'><strong>solum,</strong></span> <span class='ocrx_word' id='word_1_428' title='bbox 1346 4377 1406 4438; x_wconf 87' lang='lat' dir='ltr'><strong>sed</strong></span> <span class='ocrx_word' id='word_1_429' title='bbox 1424 4374 1534 4458; x_wconf 89' lang='lat' dir='ltr'><strong>ipsius</strong></span> <span class='ocrx_word' id='word_1_430' title='bbox 1550 4374 1756 4441; x_wconf 86' lang='lat' dir='ltr'><strong>Demosthe·</strong></span> <span class='ocrx_word' id='word_1_431' title='bbox 1855 4419 1857 4424; x_wconf 67' lang='lat'><strong>,</strong></span> 
     </span>
    </p>
   </div>
   <div class='ocr_carea' id='block_1_11' title="bbox 0 0 2131 5348">
    <p class='ocr_par' dir='ltr' id='par_1_11' title="bbox 0 0 2131 5348">
     <span class='ocr_line' id='line_1_39' title="bbox 0 0 2131 5348; baseline 0 0"><span class='ocrx_word' id='word_1_432' title='bbox 0 0 2131 5348; x_wconf 95' lang='lat' dir='ltr'><strong> </strong></span> 
     </span>
    </p>
   </div>
  </div>
 </body>
</html>
