4282 5390
1609 354 1627 374 .,
1683 433 1735 556 55

328 617 502 681 Romanos
521 605 685 678 translata
707 615 847 702 sunt.⁶)
880 617 942 679 Cn.
969 617 1135 683 Lentulus
1163 625 1197 684 et
1220 622 1260 687 L.
1286 621 1416 687 Gellius
1446 625 1611 691 Censores
1639 646 1735 714 aspo-

327 741 402 784 ram
427 737 600 785 censuram
625 728 784 805 egerunt,
817 729 966 802 quatuor
993 733 1027 786 et
1050 727 1225 811 sexaginta
1253 739 1372 794 senatu
1394 733 1514 812 motis;
1550 734 1733 816 aquibus,

327 823 631 910 lustroqco'ndito,
662 846 767 894 censa,
791 835 870 889 sunt
903 825 1034 894 civium'
1063 833 1175 916 capita
1201 835 1453 920 quadringenta
1483 838 1736 924 quinquaginta

226 969 229 982 ·
326 931 450 994 millia.
466 930 525 1012 ⁹⁶)
631 965 634 970 ·
1342 989 1349 1006 .

304 1069 307 1076 ·
407 1041 449 1100 In
468 1034 548 1097 Asia
568 1035 750 1118 Lucullus,
776 1043 855 1120 post
877 1035 968 1122 regis
990 1037 1125 1132 lugam,
1160 1050 1194 1106 et
1223 1043 1262 1105 in
1293 1045 1382 1124 Asiae
1402 1046 1503 1109 rebus
1530 1047 1735 1114 ordinandis
1817 1069 1823 1076 ·

327 1145 430 1223 atque
450 1142 698 1205 constituendis
718 1151 751 1206 et
775 1143 812 1204 in
834 1146 944 1205 Ponto
967 1148 1123 1226 pacando
1140 1159 1318 1232 occupatus
1339 1151 1423 1228 fuit,
1444 1152 1594 1234 Sinopen
1612 1154 1736 1216 urbem

328 1247 625 1330 opulentissimam
643 1247 733 1331 cepit
752 1258 785 1310 et
799 1249 999 1331 Macharen,
1022 1251 1233 1324 Mithridatis
1253 1256 1387 1339 filium,
1407 1258 1550 1340 Bospori
1568 1278 1683 1342 regem
1696 1259 1736 1320 in

280 1389 288 1402 .
327 1352 516 1415 amicitiam
531 1354 669 1436 recepit.
690 1352 750 1417 cfr.
767 1355 908 1440 Appian.
936 1359 987 1419 De
1006 1361 1041 1419 Β.
1063 1359 1219 1420 Mithrid.
1241 1382 1268 1424 e.
1285 1364 1335 1422 83.
1357 1365 1524 1427 Praeterea
1542 1364 1672 1446 legatos
1691 1365 1746 1428 ad.

328 1457 513 1541 Tigranem
540 1458 710 1522 Armeniae
741 1479 858 1544 regem
877 1462 989 1545 misit,
1020 1463 1083 1548 qui
1109 1465 1152 1526 ab
1176 1485 1217 1530 eo
1238 1473 1410 1550 peterent,
1439 1477 1479 1530 ut
1496 1468 1736 1532 Mithridatem
1790 1501 1795 1514 ·

325 1810 465 1891 hahuit,
485 1815 548 1876 ubi
564 1815 619 1893 id,
640 1820 736 1897 quod
755 1819 903 1885 maxime
912 1801 1105 1906 exspectari
1128 1824 1330 1907 videbatur,
1351 1824 1503 1887 ostendit
1524 1841 1561 1890 se
1584 1821 1737 1886 tribuni·

325 1916 414 2014 ciam
434 1929 639 2004 potestatem
662 1923 920 2002 restituturum,
941 1927 1050 2003 factus
1067 1937 1115 1990 est
1136 1930 1174 1990 in
1193 1949 1234 1991 eo
1252 1930 1412 2012 strepitus
1428 1938 1462 1991 et
1484 1938 1580 2012 grata
1597 1928 1738 1992 concio·

324 2021 380 2086 nis
395 2027 677 2089 admurmuratio.
698 2029 839 2090 Plebem
857 2033 1081 2096 tribuniciam
1095 2043 1297 2116 potestatem
1312 2034 1391 2096 ideo
1408 2036 1597 2114 postulasse
1615 2033 1734 2097 Cicero

326 2139 447 2205 auctor
469 2143 534 2211 est,
555 2137 650 2210 quod
669 2146 805 2196 senatus
821 2133 953 2211 judicia
980 2136 1070 2194 male
1094 2145 1128 2196 et
1149 2136 1317 2210 flagitiose
1339 2137 1507 2193 tuebatur.
1537 2136 1596 2191 cfr.
1614 2137 1736 2193 Aaron.

325 2230 469 2295 Pedian.
489 2235 616 2310 Comm,
639 2235 679 2293 in
698 2238 846 2296 Prooem
868 2239 940 2315 Aet.
958 2237 998 2291 iu
1013 2239 1110 2298 Verr.
1131 2253 1165 2311 p.
1184 2235 1231 2291 62.
1255 2231 1325 2292 Cic.
1345 2233 1398 2294 De
1414 2233 1518 2315 Legg.
1537 2236 1566 2294 3.
1588 2254 1618 2312 9.
1647 2234 1737 2300 Plut.

292 2333 294 2338 ¹
324 2339 446 2418 Pomp.
470 2356 499 2396 c.
520 2349 569 2395 aa.
588 2353 609 2362 ··

405 2453 442 2536 ⁰)
462 2453 550 2525 ..Per
559 2449 653 2511 idem
666 2450 801 2531 {empus
818 2448 915 2508 Cotta
921 2443 1102 2522 judicandi
1117 2423 1259 2531 munus,
1279 2415 1374 2530 quod
1394 2458 1429 2513 C.
1448 2458 1621 2525 Gracchus
1639 2424 1760 2547 erep-T

324 2569 401 2626 tum
421 2556 555 2628 senatui
572 2558 616 2618 ad
632 2554 781 2636 equites,
801 2554 897 2615 Sulla
915 2554 958 2615 ah
976 2553 1048 2615 illis
1069 2557 1112 2615 ad
1129 2564 1284 2618 senatum
1308 2556 1567 2642 transtulerant,
1595 2568 1739 2643 aequali.

327 2671 378 2729 ter
393 2666 484 2728 inter
497 2671 682 2743 utrumque
695 2663 852 2723 ordinem
866 2658 1012 2742 partitus
1027 2667 1112 2720 est»-
1123 2657 1183 2720 cfr.
1194 2662 1315 2726 Ascon,
1330 2661 1470 2754 Pedian.
1481 2663 1520 2723 in
1531 2666 1626 2729 verr.
1636 2665 1738 2751 p.'43.

226 2745 234 2756 ⁶
286 2809 292 2820 ·
327 2772 394 2832 Sed
413 2771 491 2851 lege
512 2767 652 2830 Aurelia
677 2767 782 2832 etiam
807 2765 966 2828 tribunos
993 2763 1132 2827 aerarios
1160 2763 1201 2826 in
1231 2765 1391 2842 judicum
1418 2789 1602 2833 numerum
1632 2772 1739 2840 fuisse

325 2873 509 2957 admissos,
530 2873 624 2937 testis
643 2873 825 2938 estAscon.
838 2876 940 2955 p3130
957 2877 991 2933 et
1006 2894 1041 2955 p.
1055 2885 1121 2946 140.
1143 2869 1304 2944 <(Aurelia
1321 2871 1398 2953 lege
1415 2875 1666 2954 communicata
1677 2879 1738 2953 ju-

328 2980 421 3044 dicia
444 2979 537 3044 inter
555 2987 728 3043 senatores
752 2989 784 3042 et
806 2984 998 3059 equestrem
1021 2976 1199 3059 ordinem,
1219 2983 1252 3036 et
1276 2974 1433 3037 tribunos
1451 2977 1589 3040 aerarios
1609 3002 1643 3061 p.
1668 2985 1737 3061 167.

327 3085 367 3149 in
379 3085 494 3150 Pisnn.
513 3087 586 3147 heac
605 3085 663 3148 lex
685 3104 726 3148 eo
744 3084 821 3167 ipso
840 3091 992 3165 tempore
1014 3080 1206 3157 ferebatur,
1226 3101 1296 3163 quo
1318 3081 1436 3145 Cicero
1458 3094 1574 3146 contra
1594 3087 1737 3152 Verrem

254 3250 264 3269 ,
329 3168 450 3257 diiii.»
476 3189 537 3252 cfr.
556 3189 625 3252 Cic.
642 3189 721 3252 Dir.
742 3189 782 3250 in
797 3189 909 3250 Caecil.
931 3193 962 3247 3.
981 3189 1104 3259 <Ordo
1128 3206 1266 3265 quoque
1286 3187 1375 3250 alius
1398 3191 1513 3251 adres
1530 3189 1737 3266 judicandas

329 3296 532 3378 postulatur.
544 3301 561 3335 >³
588 3294 708 3354 Asson.
727 3314 762 3373 p.
781 3311 831 3370 19.
856 3331 873 3364 p
886 3310 985 3352 nunc
1003 3289 1161 3352 Aurelius
1174 3292 1272 3353 Cotta
1286 3291 1397 3376 legem
1411 3293 1492 3378 fert,
1512 3303 1738 3363 utsenatores

330 3407 366 3463 et
382 3383 518 3493 'equites
535 3395 686 3462 Romani
707 3414 747 3478 ac
770 3394 904 3458 tribuni
921 3393 1035 3460 aerarii
1060 3393 1164 3464 simul
1179 3394 1369 3474 judicent.»
1387 3399 1523 3465 Ernesti
1541 3401 1654 3464 slavis
1665 3402 1736 3468 Cio.
1817 3449 1820 3458 .

328 3523 353 3568 s.
367 3525 401 3572 v.
416 3503 584 3571 Aurelia.
631 3522 633 3528 ’

409 3624 475 3708 ⁶⁶)
503 3627 570 3689 Cic.
596 3623 748 3690 Divinat.
765 3625 805 3689 in
826 3613 938 3690 C'aeeil.
959 3646 987 3688 c.
1007 3631 1036 3693 3.
1054 3618 1177 3690 Asson.
1199 3630 1245 3691 ad
1268 3629 1304 3691 h.
1325 3629 1348 3690 l.
1370 3652 1405 3713 p.
1424 3647 1472 3689 20.
1503 3625 1592 3692 Plut.
1613 3626 1733 3708 Pomp.

222 3739 224 3744 ’
330 3748 421 3804 aaa,
443 3732 511 3794 Cic.
533 3750 598 3816 pro
615 3730 774 3795 Cluentio
787 3747 837 3808 42.
858 3732 933 3797 Val.
952 3733 1042 3795 Max.
1059 3734 1101 3798 V.
1124 3755 1154 3812 9.
1175 3735 1233 3807 «1.
1251 3734 1386 3796 Gellius
1407 3729 1738 3800 omnibus'honori·

329 3837 394 3901 hus
413 3839 454 3900 ad
474 3856 650 3904 censuram
668 3835 864 3920 perfunctus
882 3845 944 3900 etc.
963 3838 1084 3899 Ascon.
1109 3836 1148 3897 in
1170 3856 1324 3920 prooem.
1349 3838 1421 3898 Act.
1443 3835 1482 3898 in
1507 3839 1611 3900 Verr.
1630 3857 1663 3917 p.
1686 3837 1736 3897 63.

330 3945 564 4018 ¹Convenerat
580 3948 694 4004 autem
711 3962 752 4005 ex
763 3941 964 4026 municipiis
977 3940 1207 4022 cujuscunque
1221 3942 1319 4004 modi
1335 3940 1539 4021 multitudo,
1559 3945 1618 4000 aut
1632 3957 1737 4023 prop-

330 4057 382 4114 ter
407 4047 547 4111 comitia
567 4041 809 4132 suffragiorum
833 4068 951 4132 causa,
972 4055 1031 4110 aut
1055 4046 1218 4110 ludorum
1243 4043 1456 4128 votivorum,
1480 4048 1735 4120 Romanorum,

332 4153 508 4235 Victoriae,
524 4152 756 4238 plebejorum,
775 4161 834 4216 aut
848 4162 888 4216 ut
908 4159 1127 4223 censerentur
1138 4152 1230 4233 apud
1250 4150 1415 4218 Censores
1435 4149 1588 4218 Gellium
1600 4156 1634 4214 et
1646 4149 1741 4214 Leu-¹
1765 4161 1769 4177 ¹

336 4261 462 4344 tulum,
482 4259 545 4348 qui
561 4266 642 4326 tunc
661 4263 789 4325 erant.»
1049 4265 1050 4270 ’

1412 4382 1437 4456 5
