4334 5354
290 715 441 778 decretum
462 715 532 780 fit·
554 710 603 784 54.
624 713 737 774 miseris
759 711 931 795 profugium
953 721 1039 774 erat·
1060 713 1142 794 quod
1162 713 1244 772 bono
1265 713 1414 794 dignum·
1432 715 1546 776 bellum
1568 738 1702 783 norum-

290 823 378 882 illum
399 824 578 900 sequebatur
597 841 611 866 -·
630 818 680 880 55.
699 821 733 878 in
752 823 930 880 sententiam
950 820 1063 880 catonis
1084 853 1096 866 ·
1116 821 1264 898 optimum
1287 821 1368 878 factu
1388 869 1403 882 .
1425 843 1489 901 quae
1509 821 1547 880 ad
1567 865 1592 882 ..ι
1604 829 1702 902 presi.

289 927 348 987 diis
369 927 559 1006 dispositis·
584 922 666 986 Est
657 946 690 987 sn
710 946 824 986 carcere
837 925 959 986 locus
988 928 1145 1006 paululum
1167 924 1374 985 ascenderis·
1404 927 1517 986 inculta
1538 919 1666 991 tenebris
1685 961 1703 975 -

289 1033 401 1114 species
422 1031 531 1112 (facies
549 1053 616 1114 sup.
607 1031 712 1113 ,lin.)
740 1042 810 1112 post
828 1033 935 1092 missus
958 1041 1002 1091 est
1019 1035 1151 1106 lentulus
1183 1030 1231 1128 (di
1249 1051 1317 1110 sup.
1338 1030 1407 1109 lin)
1438 1031 1570 1096 vindices
1591 1056 1632 1116 m.
1653 1055 1699 1114 pr

289 1116 404 1230 indices
424 1158 478 1220 per
497 1138 648 1202 emend.-
676 1137 725 1200 56.
747 1157 838 1219 quam
859 1139 922 1218 ipse
942 1137 1137 1210 adduxerat·
1168 1121 1319 1200 coortos·
1330 1137 1441 1196 modo
1464 1137 1532 1200 ed
1523 1159 1556 1197 ιιι
1579 1140 1700 1220 galliam

242 1259 247 1266 ‘
288 1261 387 1305 versus
408 1243 474 1327 (sed
493 1247 535 1306 ad
554 1255 669 1327 puncto
689 1243 877 1321 notatum)·-
859 1244 1003 1318 -sretus,
1024 1244 1157 1308 alienum
1177 1243 1273 1304 suis·
1296 1245 1343 1325 ⁵7·
1364 1242 1491 1308 Lentulo
1513 1255 1543 1304 ct
1556 1242 1701 1322 cethejo
1765 1320 1768 1330 Α

287 1351 455 1432 perfugeret
474 1385 488 1400 ·
516 1362 578 1434 atq.
607 1353 742 1409 metellus
769 1352 848 1410 celer
866 1371 879 1398 a
907 1369 1033 1431 propere
1060 1359 1189 1414 moret·
1218 1349 1358 1410 discessus
1386 1359 1452 1410 erat
1467 1379 1483 1393 -
1517 1350 1701 1428 expeditos·-

286 1457 439 1534 optimum
460 1459 541 1516 sactu
559 1467 641 1516 ratus
660 1487 677 1527 q
704 1451 834 1537 effligere
851 1489 876 1520 ι,
892 1455 967 1534 (cen
985 1477 1056 1537 sup.
1072 1457 1144 1534 lin.)
1167 1489 1178 1504 ·
1203 1457 1360 1517 constione
1380 1455 1521 1518 advocata
1541 1457 1566 1534 (s
1584 1467 1700 1538 puncto

245 1567 247 1578 '
286 1560 437 1638 notatum)
456 1593 469 1606 ·
489 1561 539 1623 68.
559 1559 753 1641 Compertum
774 1581 844 1644 ergo
865 1583 908 1632 m,
928 1583 975 1642 pr.
996 1564 1025 1642 (r
1044 1561 1187 1639 deletum)
1207 1595 1220 1612 ·
1238 1563 1346 1640 cuique
1366 1565 1469 1622 animo
1491 1610 1505 1623 .
1532 1583 1629 1642 pauca
1649 1562 1701 1622 ad-

287 1684 440 1727 monerem
460 1702 474 1717 ·
493 1672 607 1750 aperire
625 1701 642 1714 -
661 1671 718 1748 ipsi
738 1668 886 1749 uobisque
906 1668 1021 1728 cladem
1037 1703 1053 1717 -
1073 1669 1223 1727 frumeuti
1236 1669 1362 1727 aliarum
1383 1688 1483 1728 rerum
1502 1667 1514 1714 -“
1534 1668 1700 1746 municipia

284 1780 375 1860 atque
408 1775 534 1834 colonia
560 1761 797 1855 -turpitudine
833 1775 921 1831 exilio
950 1785 1065 1830 aetatem
1087 1803 1104 1816 -
1134 1790 1168 1828 ea
1184 1785 1265 1827 'vera
1293 1773 1444 1831 dementia
1473 1785 1516 1832 est
1543 1805 1555 1818 ·
1580 1771 1629 1832 his
1658 1782 1701 1831 est
1725 1787 1727 1792 '

286 1877 451 1936 maximnm
477 1879 695 1957 pericnlum·
727 1879 776 1952 59.
805 1876 963 1951 paulolum
990 1863 1235 1930 commoratus·
1260 1869 1300 1928 ab
1326 1870 1488 1930 dextera·
1472 1879 1697 1950 -rcliquorum

131 1965 134 1978 ⁸
181 2042 184 2048 ,
285 1975 410 2057 signa·
419 1981 593 2058 quendam
613 1979 732 2036 sinistra
752 1984 874 2052 parte·
902 1974 951 2032 60.
972 1973 1054 2032 undc
1074 1993 1092 2030 a
1112 1971 1258 2053 signiferis
1279 1976 1489 2044 ferentariis·-
1523 1977 1630 2056 gladiis
1653 1996 1697 2038 res

285 2081 432 2160 agitur·
462 2091 572 2140 ceteros
602 2077 825 2159 aggreditur·
804 2077 992 2137 -seliclum
1023 2074 1118 2148 videt,
1152 2097 1268 2136 memor
1289 2076 1431 2156 (catilina
1453 2079 1621 2158 omisso)-
1648 2083 1697 2143 61.

286 2194 458 2264 quantaque
485 2185 581 2244 enimi
607 2185 707 2244 fuisset
730 2187 824 2246 vis·
826 2183 935 2246 virus
967 2193 1131 2262 coeperat-
1137 2201 1233 2312 quos
1262 2181 1374 2242 medios
1406 2181 1511 2244 cohors
1542 2185 1697 2262 disjecerat

285 2289 431 2372 praetoria.

444 2526 614 2615 Explicit
638 2529 717 2624 Lib.
737 2531 770 2596 I.
793 2526 925 2626 incinit
944 2531 1000 2598 II.
1022 2517 1087 2615 qui
1105 2527 1244 2597 dicitur
1262 2527 1529 2630 Jugurthr'nus.
1594 2576 1599 2581 -
1665 2571 1668 2574 ι

353 2693 435 2778 Jn'g·
461 2718 487 2761 ι.
508 2695 547 2757 dc
565 2707 671 2758 notura
690 2717 821 2818 gqnus-
846 2699 960 2779 quippe
982 2718 1082 2780 quae·
1111 2718 1199 2759 sunm
1220 2702 1333 2804 quique
1353 2703 1472 2776 culpam
1490 2665 1646 2758 *actores-
1626 2717 1695 2756 -.s

215 2796 313 2892 ''et
332 2802 392 2860 alia
411 2800 619 2881 hujuscemodi
639 2805 786 2866 omnia·
814 2805 1068 2886 egregiajngenii
1082 2806 1269 2858 raciuora-
1250 2801 1337 2860 -sic
1357 2810 1386 2858 ct
1406 2803 1475 2856 fluis
1495 2813 1575 2858 est·
1604 2813 1694 2881 atquc

205 2889 208 2894 ¹
281 2906 472 2986 ignaviam·
450 2915 565 2963 nates
585 2908 648 2962 sint
667 2903 800 2965 animi·
826 2901 937 2978 quibus
959 2919 1012 2976 per
1031 2899 1198 2956 fraudem
1189 2916 1214 2956 rs
1234 2885 1328 2956 ruis'-
1359 2899 1440 2960 min
1462 2901 1625 2961 amicitiam
1647 2923 1695 2964 re-

279 3005 421 3090 ceptus-
402 3009 570 3067 -siface-
598 3001 839 3064 mastanabilis·
870 3002 898 3060 6.
919 3002 1003 3060 lurni
1023 3021 1121 3080 neque
1140 3001 1290 3060 inertiae·
1317 3011 1400 3062 aetatc
1419 3021 1507 3062 sua·
1536 3025 1565 3086 7.
1556 3008 1694 3068 .auxilia

282 3116 431 3184 mitterem
449 3105 582 3208 prefecit
601 3106 744 3186 numidis,
767 3125 842 3185 quos
865 3107 898 3165 in
919 3105 1004 3186 Hisp.
1026 3103 1184 3181 mittebat,
1204 3093 1325 3186 spcrdns
1345 3111 1392 3170 rel
1413 3120 1469 3176 etc.
1490 3129 1695 3172 occasurum

280 3199 381 3298 publii
400 3213 542 3292 scipionis
561 3211 613 3292 qni
632 3221 698 3270 tum
720 3212 851 3270 romanis
880 3210 913 3289 (u
932 3230 999 3291 sup.
1020 3210 1090 3289 lin.)
1116 3213 1281 3293 imperator
1300 3222 1398 3276 eret·
1424 3219 1614 3278 numantisiis
1635 3217 1693 3298 (nr's

237 3351 242 3370 ι
280 3337 348 3402 sup.
367 3318 437 3396 liu.)
457 3339 526 3378 eum
548 3318 581 3379 in
602 3316 664 3378 dies
683 3315 814 3398 ampl.-
797 3317 997 3396 ·inooeptum
1017 3321 1115 3380 ullum
1135 3319 1296 3380 sollertia·
1316 3321 1346 3382 8.
1366 3331 1395 3381 et
1415 3319 1542 3383 honesto
1561 3325 1692 3403 potiores

282 3415 366 3488 eraut
384 3460 401 3473 -
420 3424 546 3486 factiosi.
567 3423 650 3485 domi
672 3434 847 3505 potentes·
859 3425 986 3504 imperio
1006 3426 1154 3505 potiretur
1174 3422 1335 3506 (turmidioe
1353 3428 1389 3488 in
1412 3447 1505 3508 marg.
1524 3449 1590 3509 sup.
1612 3429 1689 3508 lin.)
1726 3465 1730 3468 -

281 3533 314 3592 in
333 3541 425 3613 praet.
445 3527 570 3592 adduxit
597 3563 613 3578 ·
639 3541 675 3592 ut
695 3531 803 3611 potius·
816 3529 939 3612 publice
964 3563 981 3580 -
1008 3549 1068 3592 neu
1095 3549 1151 3612 pro
1179 3531 1342 3613 aliquibus.
1356 3533 1459 3615 largiri
1478 3534 1655 3594 insuesceret
1669 3567 1690 3580 ··

281 3641 363 3698 ultro
383 3639 430 3697 illi
450 3637 577 3719 gloriam
597 3668 613 3681 ·
638 3657 723 3696 suam
744 3647 774 3697 et
794 3636 892 3718 ipsum
913 3639 1072 3718 pecuniam
1092 3670 1111 3690 -
1133 3655 1167 3716 9.
1189 3658 1264 3699 cum·
1280 3639 1372 3700 literis
1392 3657 1460 3696 eum
1478 3640 1691 3722 «populoque

217 3807 222 3812 ,
281 3742 419 3804 Romano
432 3775 452 3792 ·
469 3743 567 3802 virum
588 3743 714 3826 dignum
735 3754 824 3825 atque
843 3764 898 3806 aro
911 3775 927 3794 ·
947 3765 981 3806 ex
1001 3746 1106 3806 litteris
1126 3747 1200 3828 imp.
1219 3745 1329 3819 (unum
1351 3756 1373 3806 t.
1394 3743 1689 3826 erasum)-parrum

214 3882 222 3892 ·
281 3869 336 3934 ego
357 3847 499 3932 jugurtha
519 3883 535 3897 ·
554 3869 625 3908 nam
646 3860 676 3910 et
693 3850 753 3910 alia
766 3883 786 3899 -
805 3853 939 3911 mortalis
957 3862 1003 3914 est
1021 3886 1035 3902 ·
1060 3852 1208 3915 dexteram
1224 3885 1241 3901 ·
1260 3863 1296 3916 ut
1315 3850 1370 3913 hos
1390 3883 1405 3898 ·
1425 3852 1539 3912 alienos
1559 3858 1690 3930 conjun-

280 3975 349 4040 gere
374 3978 408 4004 -·
423 3957 524 4017 fratres
551 3957 634 4018 fratri
655 3958 714 4016 -si
735 3958 808 4017 mali
827 3952 1014 4020 imbecillum
1035 3992 1052 4004 -
1072 3957 1222 4020 atherbale
1243 3970 1272 4020 ct
1291 3958 1433 4043 hismaele
1454 3957 1515 4055 (sed
1535 3980 1552 4019 e
1571 3960 1605 4018 in
1626 3958 1688 4020 line
1791 3995 1800 4006 ·

280 4066 401 4144 punctis
421 4064 496 4142 nol.)
508 4091 532 4110 ··
556 4084 602 4125 ιι.
622 4064 748 4144 imperio
769 4063 931 4124 disererent
953 4096 972 4112 -
999 4066 1071 4145 jacit
1084 4099 1101 4113 -
1121 4065 1209 4126 illum
1231 4066 1302 4130 trib.
1323 4067 1475 4148 proxumis
1495 4067 1581 4127 annis
1601 4098 1617 4113 -
1641 4084 1688 4129 rr.

279 4169 394 4247 placuit
414 4168 507 4232 dividi
531 4203 547 4217 ·
574 4167 696 4229 hiemant
716 4170 749 4228 in
769 4169 863 4252 opido
884 4168 1025 4230 thirmidn
1045 4197 1066 4222 ⁶
1091 4193 1159 4234 eum
1181 4193 1289 4256 magna
1308 4184 1467 4235 venturum
1489 4193 1583 4233 manu
1601 4201 1618 4214 ·
1638 4171 1690 4230 in·

281 4291 386 4355 rupere
407 4271 516 4338 -cum
537 4275 658 4336 interim
677 4271 805 4368 hierusal
824 4308 841 4322 ·
868 4277 967 4358 capud
987 4283 1050 4356 ejus
1072 4311 1086 4326 -
1118 4283 1164 4342 13.
1185 4278 1394 4362 divulgabatur
1412 4313 1426 4327 -
1454 4279 1538 4338 omni
1559 4274 1690 4350 numidae

274 4379 425 4460 imperare
443 4412 462 4428 -
490 4393 564 4444 lune
586 4387 647 4464 jug.
676 4411 693 4430 ·
723 4381 807 4442 omni
828 4379 966 4444 numidis
982 4382 1155 4464 ‘potiebatur
1174 4417 1189 4430 -
1220 4384 1265 4444 uti
1284 4387 1418 4465 primum
1442 4411 1461 4430 ι
1492 4368 1529 4444 ιι
1544 4389 1689 4462 praecepto

626 4552 634 4581 l
