4230 5348
321 444 397 520 ‘130

321 635 513 718 has-‘terres
541 630 759 704 incolebant,
787 623 946 690 amicitie
967 623 1094 693 ioedere
1117 632 1235 696 secum
1253 625 1485 708 coujuneerat.
1502 629 1735 720 clesippian.

323 743 366 813 de
381 741 418 806 b.
436 739 592 812 Mithrid.
614 757 641 805 c.
669 737 716 796 15.
745 729 831 798 Cum
850 733 944 794 enim
970 733 1031 806 he,
1049 742 1146 802 terrae
1174 741 1247 800 tum
1270 735 1466 820 primumn
1487 739 1736 806 Romuleae.

324 848 474 914 curatius
494 843 639 926 cognitae
656 846 787 920 essent,
805 837 891 902 situs
908 839 1067 906 locorum
1085 844 1119 906 e't
1133 849 1254 906 natura
1265 843 1448 928 regionum
1463 853 1539 914 erat
1557 846 1735 912 illustmn

325 959 387 1031 da;
410 959 443 1018 et
464 969 541 1014 cum
560 943 742 1021 Salustius,
774 944 842 1006 ut
828 964 903 1024 Jam
931 963 1036 1029 supra
1058 945 1333 1015 animadversum
1363 951 1471 1035 est,
1459 973 1499 1016 ιιι
1525 967 1579 1017 res
1592 971 1736 1040 geogra

321 1055 441 1144 phicas
463 1050 651 1122 studiosius
672 1051 848 1136 inquirat,
867 1069 941 1116 non
968 1052 1082 1116 solum
1100 1073 1255 1138 regnum
1264 1055 1385 1134 Ponti,
1403 1059 1466 1122 scd
1490 1062 1591 1124 etiam
1608 1068 1736 1124 ceteras
1842 1120 1844 1122 ,

323 1169 459 1248 gentes,
480 1177 556 1241 quae
581 1166 653 1220 tum
672 1159 822 1220 Pontum
841 1159 1014 1222 Euxinum
1042 1160 1257 1246 accolebant,
1286 1162 1497 1246 luculenter,
1530 1174 1570 1228 ut
1588 1164 1737 1240 videtur,
1772 1221 1774 1225 .

325 1265 515 1350 descripsit.
543 1264 596 1328 Ne
625 1264 783 1330 fabulosa
801 1264 941 1346 quidem
963 1285 1041 1330 eum
1064 1273 1283 1351 aspernatum
1308 1287 1380 1332 esse
1400 1269 1484 1338 inde
1505 1270 1738 1357 intelligitur,

326 1375 422 1454 quod
441 1369 577 1434 Jasonis
589 1369 803 1456 mentionem
824 1369 906 1436 fecit
927 1371 1106 1456 cfr.·supra
1123 1373 1260 1452 l.4.21;
1280 1373 1349 1438 inc.
1369 1376 1418 1436 82.
1442 1395 1490 1458 99.
1509 1379 1737 1452 100.124.126.

324 1477 709 1558 172.174.189.215.216.
723 1499 791 1558 ²17·
814 1476 901 1561 alia,
923 1498 1001 1559 quae
1015 1498 1037 1540 a
1053 1478 1241 1544 Debrossio
1250 1497 1290 1543 eo
1299 1478 1512 1554 referuntur,
1533 1489 1592 1543 aut
1604 1480 1736 1570 incerta

328 1590 387 1648 aut
396 1583 502 1668 plane
516 1582 630 1646 aliena
642 1589 731 1647 sunt.
752 1617 771 1633 -
782 1584 831 1666 73.
842 1619 861 1633 -
880 1581 998 1666 Equis
1004 1580 1119 1668 paria
1132 1586 1369 1671 operimenta.
1378 1587 1516 1674 ridetur
1529 1589 1596 1650 hoc
1609 1589 1652 1650 ad
1663 1606 1740 1648 cur·.

326 1709 385 1754 rus
404 1687 548 1752 falcatos
570 1689 763 1774 pertinere,
785 1693 829 1756 de
853 1690 981 1772 quibus
1004 1691 1192 1755 Salustium
1217 1691 1327 1777 egisse
1353 1699 1387 1756 et
1401 1673 1475 1761 hoc
1495 1713 1603 1778 genus
1625 1712 1741 1756 armo*

326 1815 405 1860 rum
426 1793 645 1878 descripsisse
667 1795 804 1876 antiqui
827 1797 1043 1880 grammatici
1071 1797 1361 1862 animadvertunt.
1389 1799 1469 1863 vide
1496 1799 1588 1862 infra
1616 1796 1740 1882 fragm

328 1917 398 1980 209
419 1902 511 1983 apud
528 1899 618 1962 Plut.
634 1900 863 1962 Lucullumc
876 1923 905 1982 7
928 1901 966 1964 in
984 1899 1150 2012 apparatu
1167 1904 1296 1969 bellico
1312 1906 1525 1970 Mithridatis
1542 1902 1739 1967 describen

329 2009 375 2068 do
399 1977 776 2068 commemorantur'
740 2015 773 2060 τί
811 2016 925 2084 emm
944 1976 1156 2088 'eifiwttiivve
1158 2019 1192 2066 0⁶·
1223 2008 1358 2091 equites
1383 2012 1624 2098 cataphractos
1646 2008 1741 2070 idem

250 2145 251 2150 ι
330 2131 358 2176 c
374 2113 424 2175 26
444 2109 535 2176 mter
544 2109 703 2194 Trgranis
717 2129 833 2194 copias
844 2120 1030 2176 enumerat
1049 2112 1129 2175 vide
1143 2131 1288 2196 supras
1301 2131 1352 2176 ιι.
1371 2129 1473 2193 74-
1454 2113 1613 2177 Rebus
1626 2131 1742 2194 supra
1818 2126 1823 2135 ’

330 2223 456 2282 votum
469 2211 686 2300 fluentibus.
697 2211 822 2300 flucre
843 2216 1028 2279 dicuntur
1026 2235 1080 2280 res
1100 2226 1139 2279 ut
1169 2217 1311 2295 cedere,
1331 2221 1601 2303 procederc,⁷t'e
1586 2224 1739 2295 gemetu.

333 2321 400 2387 Cic.
422 2324 466 2387 de
488 2316 585 2384 Offic.
606 2343 633 2383 ι.
658 2322 713 2382 ι6ι
736 2340 977 2404 resprosperae
1004 2325 1098 2385 etad
1115 2322 1329 2386 voluntatem
1350 2332 1501 2388 nostram
1522 2327 1675 2386 fluentes.
1697 2323 1742 2383 ad
1772 2345 1777 2350 ·

331 2428 536 2512 Pompejum
556 2428 625 2502 hoc
641 2424 810 2498 referunt,
832 2430 891 2488 sed
916 2426 1041 2492 talibus
1059 2425 1259 2510 fragmentis
1283 2435 1414 2490 certum
1433 2428 1742 2506 quendamelocum

284 2592 293 2606 ,
332 2534 587 2620 assignaretis
608 2533 699 2596 licet.
733 2529 836 2610 -75.-
861 2528 1006 2594 Aenum
1035 2534 1071 2590 et
1100 2529 1321 2594 Maroneam
1348 2517 1384 2594 et
1409 2527 1506 2594 uiam
1531 2528 1742 2596 militarem.

332 2641 446 2714 Aenos
462 2639 527 2725 sita
545 2646 663 2714 contra
683 2639 933 2700 Chersonesum
952 2635 1156 2698 Thracicum
1176 2637 1220 2696 ad
1245 2635 1333 2698 ostia
1353 2636 1463 2699 Hebri
1488 2635 1656 2713 fluminis·
1678 2654 1743 2702 nec

332 2743 454 2828 procul
480 2753 613 2806 remota
632 2741 808 2805 Maronea.
836 2740 896 2809 cfr,
921 2738 1011 2802 Plin.
1029 2741 1067 2801 L.
1097 2741 1153 2803 IV.
1173 2759 1199 2800 c.
1229 2731 1278 2802 ιι.
1303 2748 1336 2802 et
1353 2741 1493 2802 Salmas.
1513 2743 1564 2802 ad·
1579 2740 1688 2803 Solin.
1705 2763 1741 2824 p.

336 2850 405 2911 161.
422 2855 456 2912 et
478 2851 545 2924 164.
571 2849 644 2933 hsce
664 2847 793 2930 oppida
817 2861 1101 2908 commemorasse
1120 2841 1257 2906 videtur
1278 2844 1446 2907 Salustius
1468 2844 1645 2926 inbellis,
1666 2864 1743 2931 quge

333 2973 397 3038 per
422 2961 532 3016 totum
553 2955 620 3016 hoc
641 2950 803 3035 temporis
825 2949 974 3032 spatium
994 2950 1117 3010 contra
1132 2948 1280 3010 Thraces
1299 2949 1515 3032 gerebantur.
1533 2946 1592 3010 via
1614 2947 1745 3010 milita·
1781 2972 1785 2977 ’

334 3059 384 3121 ris
401 3058 474 3134 jam
495 3059 538 3120 ab
563 3077 604 3120 eo
624 3057 706 3119 inde
729 3065 883 3138 tempore
902 3067 964 3137 per
984 3052 1167 3126 Thraciam
1189 3053 1324 3116 munita
1342 3051 1471 3136 fuerat,
1492 3053 1743 3136 cumprimum

321 3161 487 3224 'Romani
506 3162 546 3224 in
567 3161 681 3250 Asiam
705 3159 920 3238 trajecerunt.
951 3156 1011 3221 cfr.
1031 3157 1106 3220 Liv.
1127 3163 1177 3239 37.
1198 3179 1227 3240 7.
1249 3163 1299 3224 δι.
1321 3161 1372 3221 38.
1390 3175 1441 3236 40.
1462 3173 1513 3234 ιι.
1534 3155 1594 3220 cfr.
1621 3158 1743 3220 Strabo
1792 3165 1794 3170 '

338 3259 592 3352 G‘eographcp.
620 3271 690 3346 319.
717 3271 788 3328 331.
810 3267 871 3331 Ed.
901 3264 1069 3328 Almelor.
1109 3267 1205 3346 -78.-
1237 3266 1291 3330 Ut
1311 3272 1421 3329 tanta
1451 3271 1516 3330 etc.
1534 3266 1580 3326 ad
1599 3251 1745 3327 'Sertorii
1792 3245 1798 3260 ’

333 3372 522 3454 exercitum
547 3373 614 3436 hoc
636 3372 811 3456 pertinere
834 3371 937 3433 Debr.
965 3370 1109 3448 judicat.
1128 3379 1248 3452 rectcg
1266 3372 1295 3432 si
1315 3370 1404 3456 quid¹
1423 3369 1525 3434 video
1531 3393 1542 3443 ι
1564 3366 1624 3430 cfr.
1643 3387 1746 3450 supra

337 3497 414 3564 pag.
443 3501 515 3560 17.
511 3477 666 3542 Frontin.
689 3495 718 3541 2.
747 3499 774 3537 1.
800 3481 830 3539 3.
862 3497 962 3558 -79.-
980 3475 1031 3539 'In
1054 3473 1304 3562 orcgeutibus
1328 3477 1448 3558 agens.
1484 3473 1566 3534 Haec
1588 3471 1746 3553 Pompeji

313 3577 494 3669 vpersonae
516 3585 747 3662 conveniunt;
774 3582 941 3645 ridiculus
966 3590 1017 3643 est
1043 3580 1147 3642 Debr.
1173 3576 1234 3658 qui
1255 3575 1371 3638 Catuli
1391 3573 1579 3641 exercitum
1614 3574 1746 3640 intelli·
1824 3571 1825 3576 ’

254 3755 257 3764 ,
340 3690 392 3776 git
414 3698 447 3754 et
470 3693 592 3775 verba,
616 3681 757 3774 populo
779 3685 939 3770 ciuitati,
959 3705 1035 3767 quac
1059 3703 1123 3767 pro
1146 3679 1306 3766 genuinis
1320 3679 1485 3764 habebat,
1507 3674 1563 3744 b'is
1584 3677 1746 3780 adjuncta

340 3817 412 3862 esse
444 3797 563 3860 uoluit.
595 3791 985 3886 -81.Huncigitur
1018 3783 1212 3878 redarguit
1252 3779 1487 3866 Tarquinius.
1528 3773 1748 3869 Tarquitius

330 3900 459 3963 Carrio
486 3899 643 3979 conjecit.
671 3920 748 3981 quae
780 3898 923 3981 quidem
952 3893 1146 3974 conjectura
1170 3889 1370 3974 recipienda
1397 3909 1469 3956 esse
1489 3891 1642 3978 videtur,
1673 3891 1747 3976 pri-

341 4023 437 4066 mum
459 4008 555 4084 quod
569 4006 757 4090 aclmodum
776 4000 965 4068 verisimile
987 4007 1054 4078 est,
1074 3999 1146 4060 haec
1168 3999 1212 4058 ad
1229 3999 1378 4084 eundem
1398 3996 1477 4082 qui,
1498 4017 1601 4080 supra
1617 3997 1695 4060 Lib.
1713 4001 1743 4059 3.

241 4141 252 4154 ·
342 4108 463 4192 fragm.
488 4113 539 4183 43.
569 4108 749 4184 laudatur,
776 4109 966 4191 pertinere3
988 4113 1072 4166 tum
1092 4105 1187 4184 quod
1207 4103 1309 4183 buius
1337 4103 1490 4168 nominis
1518 4103 1685 4187 scripture
1712 4109 1745 4190 et

343 4213 495 4279 nummis
511 4223 545 4278 et
561 4216 669 4276 Ccdd.
686 4199 887 4278 auctoritate
901 4217 980 4292 satis
1001 4207 1202 4282 confirmata
1222 4218 1283 4276 est.
1302 4218 1400 4274 acute
1418 4211 1524 4274 Debr.
1549 4210 1623 4274 haec
1641 4207 1747 4272 verba
1832 4191 1837 4198 ⁵

241 4356 245 4367 ·
343 4320 393 4385 ita
410 4319 671 4406 interpretatur,
691 4319 761 4382 ut
747 4321 906 4406 jurgium
921 4321 961 4399 jn
980 4319 1093 4404 epulis
1116 4337 1137 4384 a
1161 4320 1336 4406 Perpenno
1355 4315 1533 4388 instructis
1548 4336 1589 4386 ex
1607 4333 1751 4400 compo-

267 4523 271 4531 Δ
343 4421 410 4492 sit'o
432 4446 453 4492 a
470 4426 656 4510 conjuratis
672 4429 820 4509 coeptum
834 4441 906 4495 esse
923 4431 1056 4492 statuat.
