4282 5390
1665 450 1715 528 63

303 639 452 736 publica
469 661 527 709 res
542 637 593 708 sit
608 639 731 710 Vettio.
752 661 781 702 2.
803 659 844 706 ex
858 659 974 708 errore
987 640 1212 707 librariorum
1225 641 1306 708 satis
1320 641 1479 730 vulgato,
1501 643 1594 708 idem
1611 642 1719 708 libere

299 775 378 839 pam
395 758 431 817 et
449 743 653 838 composita
672 741 943 835 intelliguntur.
967 744 1128 837 'intelligi
1151 766 1223 814 non
1250 755 1384 811 tantum
1403 757 1453 814 est
1477 747 1619 834 haberi,
1641 769 1721 813 nam

201 919 206 928 .
304 861 399 924 haud
420 855 526 920 dubie
554 852 664 932 major
690 871 770 936 pars
798 852 912 936 plebis
941 855 1008 918 hoc
1035 874 1152 919 errore
1189 856 1386 938 tenebatur,
1416 858 1477 918 sed
1502 858 1570 920 hoc
1598 856 1721 938 quaerit

305 971 445 1039 orator,
463 981 548 1024 num
564 979 602 1023 re
620 957 823 1044 diligentius
843 960 1036 1024 examinata
1056 969 1092 1024 at
1121 975 1306 1046 perpensa,
1326 963 1399 1025 haec
1428 963 1547 1024 eadem
1573 979 1643 1024 esse
1661 961 1720 1039 ju·

305 1067 454 1133 dicaturi
468 1065 562 1130 sint?
581 1062 629 1126 ita
650 1084 706 1147 ap.
724 1064 815 1128 Plin.
829 1066 874 1129 H.
896 1069 936 1134 N.
963 1067 1012 1128 28.
1031 1081 1061 1143 4.
1082 1065 1347 1131 saluberrimum
1374 1065 1591 1151 intelligitur.
1616 1073 1650 1128 ot
1672 1067 1722 1130 3⁵.

307 1194 360 1252 ro,
382 1191 422 1237 ea
435 1190 489 1236 res
511 1167 696 1233 concitavit
719 1169 880 1234 Rhodios
901 1171 946 1234 ad
965 1170 1236 1258 intelligendum
1253 1169 1433 1236 artificem.
1450 1171 1724 1236 turbamentum

305 1279 431 1344 iterum
453 1297 509 1361 ap.
529 1277 688 1340 Tacitum
708 1276 857 1342 occurrit
879 1277 967 1342 Hist.
985 1279 1011 1340 I.
1032 1281 1093 1356 ³23
1116 1298 1260 1360 quaeque
1279 1278 1348 1341 alia
1369 1279 1585 1341 turbamenta
1605 1276 1722 1363 vulgi3

306 1375 616 1446 ceterum'multum
625 1383 792 1465 ponderis
809 1382 847 1446 in
863 1384 918 1448 his
936 1382 1177 1466 substantivis,
1197 1379 1494 1468 incitamentum,
1512 1383 1724 1446 dehonesta-

305 1493 484 1568 mentum,
512 1486 769 1550 irritamentum
796 1496 858 1552 etc.
887 1501 993 1570 quare
1024 1492 1181 1551 adamata
1213 1495 1293 1550 sunt
1325 1484 1486 1554 Salustio.
1516 1485 1725 1568 exitia-que

306 1586 449 1656 exitium
464 1584 629 1671 afferunt3
658 1591 805 1676 pluralis
834 1591 938 1656 etiam
958 1594 1050 1677 apud
1070 1591 1271 1668 Ciceronem
1292 1613 1356 1676 pro
1375 1592 1510 1658 Milone
1532 1615 1560 1660 a.
1577 1603 1611 1657 et
1627 1594 1722 1680 Virg.

251 1689 254 1698 ’
301 1697 426 1777 'Aen.7.
436 1701 491 1777 233
505 1693 636 1762 suimet
647 1693 841 1786 sanguinis
854 1698 1016 1762 mercede
1027 1692 1383 1764 circumveniendam
1393 1735 1435 1750 -
1445 1719 1579 1766 summa
1588 1701 1724 1764 senten-

305 1804 361 1870 tiar
381 1801 434 1866 vis
456 1811 560 1885 atque
587 1802 797 1888 acrimonia,
825 1823 901 1884 quae
930 1804 1145 1888 Thucydidis
1170 1773 1417 1888 ε’νθυμημοίτών
1446 1806 1626 1882 admonet,
1657 1807 1724 1868 hoc

306 1908 400 1971 enim
416 1909 523 1973 inest:
551 1910 701 1994 populus
728 1912 906 1974 Romanus
926 1910 1059 1972 nullam
1078 1930 1143 1993 pro
1167 1910 1328 1974 libertate
1347 1911 1471 1973 amisse
1490 1909 1616 1993 accipit
1635 1929 1724 1972 mer-

305 2016 440 2098 cedem,
469 2018 529 2078 sed
555 2015 698 2099 insuper
734 2029 798 2099 pro
822 2015 1055 2079 *dominorum
1078 2014 1227 2098 imperio
1250 2014 1455 2098 sanguinem
1482 2009 1641 2080 effundit.
1663 2014 1724 2078 cfr.

303 2119 383 2178 Tac.
399 2117 512 2200 Agris.
528 2123 578 2179 30.
598 2093 798 2191 ¹..Britannia
810 2121 1007 2184 servitutem
1024 2139 1120 2180 suam
1128 2118 1286 2194 quotidie
1302 2117 1403 2192 emit,
1418 2119 1575 2192 quotidie
1588 2123 1725 2196 pascit.»

302 2213 473 2304 privatas
492 2215 735 2304 opesfacere,
757 2222 865 2280 dictio
883 2218 1032 2280 Salustio
1050 2215 1211 2300 propria,
1232 2222 1372 2276 auctore
1388 2215 1525 2278 Seneca.
1546 2218 1629 2302 Epp.
1654 2233 1723 2293 114.

306 2324 536 2412 quiargento
553 2317 862 2406 ecercitumfecit
880 2329 913 2383 et
923 2317 1063 2406 fugam
1085 2315 1225 2382 nostris
1236 2313 1366 2403 fecere
1379 2320 1507 2384 laudat.
1526 2321 1586 2385 cfr.
1600 2323 1722 2402 Vellej.

308 2449 419 2507 a.1o9.
440 2427 518 2488 Tac.
533 2423 658 2487 rinnai.¹
674 2425 764 2481 6.13.
786 2421 855 2479 Cic.
870 2420 909 2478 in
925 2423 1021 2482 Verr.
1033 2424 1076 2478 11.
1095 2423 1133 2494 63
1153 2437 1217 2498 pro
1236 2422 1371 2481 Caecina
1390 2445 1438 2486 rr.
1455 2425 1529 2489 lraec
1543 2447 1584 2490 ex
1602 2430 1721 2494 Graeco

307 2550 478 2618 expressae
499 2536 649 2592 ceterum
670 2523 709 2586 in
735 2521 870 2586 duobus
895 2519 1073 2586 Vaticanis
1098 2520 1150 2582 ad
1168 2517 1431 2605 rempublicam
1459 2533 1526 2588 etc.
1547 2548 1650 2606 quem
1669 2552 1722 2594 er.

307 2657 421 2703 rorem
432 2655 535 2720 supra
551 2629 762 2708 notavimus3
776 2637 941 2712 praterea
958 2625 1066 2693 Vatia.
1087 2649 1114 2688 1.
1137 2624 1223 2688 bene
1226 2622 1493 2725 juvantibus-
1503 2627 1724 2698 dicia-du.

309 2765 384 2808 cem
402 2747 439 2804 et
452 2747 642 2804 auctorem
662 2729 875 2817 sequimini,
895 2732 1046 2796 formula
1058 2730 1268 2795 evocationis
1279 2730 1317 2793 in
1329 2755 1365 2796 rc
1377 2735 1511 2819 trepida
1522 2739 1723 2822 repentino-

309 2865 376 2928 que
389 2845 549 2927 tumultu,
568 2841 703 2904 consuli
718 2840 790 2905 sere
802 2838 965 2925 propria‘>
986 2841 1079 2903 Gort.
1091 2837 1150 2901 cfr.
1163 2837 1238 2902 Lir.
1254 2840 1397 2906 XXXIV·
1411 2842 1467 2920 253
1491 2852 1523 2904 et
1533 2844 1725 2928 interpreti.

309 2954 354 3016 ad
376 2949 447 3014 Cic.
465 2957 542 3033 post
559 2947 673 3012 Redit.
693 2947 731 3009 in
760 2947 837 3010 Seu.
860 2967 887 3008 e.
915 2965 945 3026 9.
964 2953 999 3008 et
1022 2944 1170 3007 Brisson.
1190 2947 1233 3008 dc
1255 2946 1367 3008 Form.
1391 2947 1434 3008 lI.
1459 2969 1492 3029 p.
1516 2965 1592 3028 2143
1620 2955 1726 3014 -re-

317 3057 350 3122 T
348 3077 419 3119 unc
438 3074 518 3120 vero
539 3060 574 3116 et
590 3050 702 3136 posci
721 3059 787 3115 ete.
818 3054 923 3116 Recte
943 3052 1045 3115 Debr.
1063 3050 1252 3135 judicavit,
1275 3051 1343 3115 hoc
1362 3053 1407 3113 ad
1427 3051 1560 3114 bellum
1584 3053 1685 3120 civile
1704 3079 1725 3120 a

311 3160 443 3243 Lepido
463 3165 621 3243 paratum
640 3155 825 3241 pertinere.
843 3179 952 3236 -17.··
972 3152 1170 3222 Curionem
1191 3153 1355 3238 quaesivit
1373 3166 1434 3221 etc.
1456 3159 1727 3226 adulescentior

313 3271 349 3330 et
368 3285 392 3326 a
410 3259 546 3346 populi
570 3257 761 3346 suffragiis
788 3255 929 3348 integer
958 3258 996 3321 in
1023 3260 1132 3322 reteri
1158 3261 1328 3324 Prisciani
1348 3265 1536 3348 exemplari
1554 3266 1725 3351 scriptum

192 3393 198 3408 ·
313 3387 404 3448 esse,
419 3365 514 3432 testis
527 3373 576 3429 est
593 3365 752 3444 Celerum
773 3360 964 3454 suffragiis
977 3361 1120 3453 integer
1136 3366 1252 3458 Douza
1272 3366 1432 3452 explieat,
1452 3370 1724 3452 ..quilronorum

312 3476 358 3540 ad
379 3474 417 3537 id
440 3481 573 3556 tempus
602 3469 781 3553 petitionis
803 3475 937 3556 expers,
957 3491 1020 3556 per
1043 3469 1261 3534 immaturam
1289 3483 1424 3538 aetatem
1447 3477 1725 3560 prensationibus
1753 3464 1762 3484 ‘

313 3579 464 3668 publicis
480 3575 725 3644 abstinuerat.»
752 3579 819 3642 Sed
839 3577 932 3640 idem
956 3577 1226 3659 sequentianno
1250 3582 1370 3643 consul
1393 3581 1478 3657 futu
1501 3583 1626 3644 rectius
1646 3579 1724 3646 alii:

257 3745 283 3766 ,‚
315 3687 470 3750 nondum
486 3694 643 3769 expertus
666 3683 725 3748 cfr.
746 3684 816 3749 Cic.
836 3689 876 3749 N.
894 3687 936 3747 D.
948 3689 978 3748 3.
999 3687 1029 3748 3.
1051 3687 1172 3750 rudem
1192 3705 1246 3748 me
1261 3686 1470 3770 discipulum
1484 3695 1528 3752 et
1549 3687 1723 3772 integrum

314 3792 442 3876 accipe.
465 3789 628 3874 quaesiuit
647 3789 706 3852 cfr.
723 3791 808 3854 Fest.
825 3809 850 3852 s.
865 3813 896 3854 v.
919 3811 1059 3872 quaeso:
1089 3811 1226 3873 ..quaeso
1250 3801 1290 3854 ut
1307 3794 1402 3856 idem
1422 3787 1612 3878 signifieat,
1630 3797 1723 3876 quod

314 3915 420 3982 rogo,
440 3883 487 3959 ita
502 3914 651 3978 quaesere
667 3894 810 3979 ponitur
824 3897 917 3980 apud
934 3895 1094 3977 antiquos
1103 3917 1167 3979 pro
1179 3907 1363 3978 quaerere.»
1374 3899 1440 3962 Sed
1455 3899 1644 3983 perlectum
1658 3903 1723 3966 hae

316 3999 570 4088 significatione
590 4021 661 4064 non
682 4000 858 4086 usitatum,
877 4003 943 4065 hoc
958 4003 1186 4089 fragmentum
1202 4003 1421 4066 referendum
1441 4010 1490 4066 est
1516 4007 1559 4066 ad
1583 4006 1723 4070 comitia

319 4107 527 4191 consularia,
548 4106 729 4190 inquibus
748 4109 958 4174 Mamercum
976 4119 1118 4193 propter
1136 4105 1367 4190 suspicionem
1382 4109 1532 4173 avaritiae
1552 4111 1724 4196 repulsam

318 4213 452 4289 tulisse,
473 4231 576 4298 supra
596 4221 822 4278 memoratum
844 4223 904 4280 est.
924 4215 1044 4300 Curio,
1071 4213 1134 4297 qui
1154 4231 1247 4274 enno
1268 4219 1346 4294 post
1367 4213 1486 4274 consul
1508 4225 1638 4279 creatus
1657 4223 1724 4300 est,

320 4317 423 4406 Appii
432 4320 570 4387 Claudii
588 4319 780 4408 interregis,
797 4323 914 4406 credo,
934 4321 1094 4407 precibus
1109 4324 1285 4403 permotus
1300 4323 1423 4404 sponte
1439 4319 1607 4401 petitione
1621 4319 1726 4384 desti-
