4282 5390
253 1466 268 1556 7
321 1522 366 1606 r.
381 1523 431 1606 n
448 1521 806 1610 centronius
822 1473 1094 1613 muonuo
1112 1521 1407 1613 tuoovico
1424 1523 1727 1614 unaarum.

962 1851 1090 1925 SP.
1141 1849 1187 1924 D.

317 2361 413 2452 Tibi
444 2379 708 2482 potissimum,
742 2378 814 2451 Vir
848 2377 1083 2452 Clarissima!
1121 2377 1190 2454 hos
1219 2383 1517 2458 Commentarios
1547 2363 1723 2465 dedicare

316 2502 441 2591 volui,
468 2502 618 2582 duabus
636 2500 683 2576 de
710 2503 848 2595 causis3
873 2501 1063 2603 primum,
1089 2501 1195 2604 quod
1216 2501 1314 2577 mihi
1334 2504 1382 2578 de
1400 2505 1589 2584 historicis
1612 2512 1724 2587 rebus

316 2627 458 2732 agenti·
476 2625 625 2701 doctior
656 2644 694 2701 et
727 2625 1002 2732 intelligentior
1034 2626 1200 2701 veritatis
1244 2627 1476 2704 existimator
1520 2659 1602 2708 non
1642 2653 1724 2710 erat

316 2751 563 2855 quaerendus3
589 2750 727 2828 deinde
753 2768 798 2826 nt
819 2777 911 2827 meae
939 2752 981 2830 in
1007 2767 1044 2826 te
1062 2753 1213 2854 pietatis
1230 2752 1310 2828 leve
1336 2769 1436 2830 certe
1460 2771 1621 2833 exstaret
1641 2786 1723 2834 mo-

316 2895 559 2953 numentum.
585 2875 657 2951 Sed
682 2872 998 2982 instituti'operis
1020 2878 1117 2951 ratio
1142 2876 1224 2952 haec
1246 2895 1308 2953 est.
1333 2880 1506 2954 Primum
1526 2909 1582 2958 res
1604 2900 1722 2987 gestas
1788 2940 1792 2950 .

313 3005 353 3074 P.
368 3003 407 3074 R.
424 3028 510 3105 quae
527 3003 680 3078 Salustii
696 3005 916 3108 fragmentis
932 3002 1190 3094 illustrantur,
1209 3006 1438 3095 accuratius,
1458 3033 1576 3109 quam
1593 3007 1721 3084 adhuc

312 3127 463 3202 factum
485 3145 586 3218 erat,
617 3155 686 3235 per
719 3156 839 3205 annos
873 3129 1049 3235 digestas,
1084 3128 1249 3205 breviter
1279 3115 1462 3205 enarravi.
1505 3133 1606 3208 llam
1639 3133 1720 3235 ipsa

312 3253 531 3328 examinavi
557 3251 784 3359 fragmenta,
811 3273 849 3330 et
862 3256 1040 3358 ¹reliquos
1062 3282 1190 3330 rerum
1213 3255 1431 3359 scriptores,
1448 3273 1542 3332 ‚tam
1569 3257 1721 3332 Graecos

308 3403 433 3482 quam
459 3379 614 3454 Latinos
642 3380 893 3482 priorumque
919 3382 1174 3484 interpretum
1201 3381 1438 3484 conjecturas
1461 3383 1504 3454 in
1530 3381 1719 3458 auxilium

306 3501 505 3594 vocando,
530 3521 732 3606 quantum,
748 3504 829 3580 fieri
854 3508 999 3610 potuit,
1024 3504 1228 3595 illustravi,
1254 3505 1386 3611 digessi
1408 3517 1445 3580 et
1472 3532 1550 3608 quo
1575 3507 1658 3580 loco
1681 3523 1719 3580 et

304 3625 449 3702 ordine
479 3628 629 3732 singula
659 3630 837 3733 ponenda
868 3647 1004 3720 essent,
1030 3632 1196 3734 exposui.
1241 3631 1421 3733 Sequitur
1447 3631 1569 3704 brevis
1602 3630 1718 3703 totius

305 3751 436 3858 operis
459 3753 663 3829 Salustiani
689 3755 909 3858 descriptio,
936 3783 1054 3859 quam
1081 3755 1230 3830 facilius
1255 3755 1482 3859 conjecturis
1505 3752 1718 3855 quaesiveris

302 3904 432 3981 quarn
445 3877 563 3952 firmis
576 3877 626 3952 ad
638 3881 884 3981 probandum
902 3881 1134 3984 argumentis
1152 3879 1335 3954 docueris.
1371 3876 1503 3980 Adjeci
1520 3892 1592 3951 tres
1615 3875 1715 3951 indi-

300 4029 388 4095 ces,
406 4029 530 4078 unum
546 4003 860 4109 fragmentorum,
880 4004 1098 4095 aBardilio,
1116 4003 1332 4078 doctissimo
1350 4003 1445 4092 viro,
1459 4027 1607 4076 summa
1628 4027 1718 4075 cum

300 4127 510 4230 diligentia
530 4127 765 4222 confectum,
791 4130 955 4204 alterum
972 4121 1213 4215 historicum,
1238 4127 1431 4230 prioribus
1450 4127 1573 4200 multo
1589 4150 1716 4199 emen-

299 4252 499 4328 datiorem
538 4255 654 4358 atquc
691 4254 922 4348 auctiorem,
965 4253 1120 4327 tertium
1146 4251 1376 4341 Latinitatis,
1417 4248 1467 4323 ad
1498 4247 1715 4350 exemplum
1813 4288 1823 4313 2

297 4378 504 4461 Wassiani
534 4393 579 4454 et·
606 4377 791 4454 Cortiani'
811 4378 1050 4466 institutum,
1085 4375 1149 4450 sed
1178 4374 1313 4450 melius
1347 4371 1594 4476 dispositum,
1632 4364 1716 4465 aliis

1954 1617 1956 1636 l

1957 1679 1959 1702 l

1958 1703 1960 1726 l

1959 1731 1965 1840 t

1965 1855 1970 1940 q

1969 1945 1971 1968 l

1969 1969 1972 1982 r

1970 1983 1978 2110 l

1977 2121 1980 2166 l

1979 2167 1982 2200 l
