4334 5354
1622 511 1695 590 555

363 706 398 766 (i.
423 703 492 766 113.
513 721 578 786 quae
597 703 710 766 scilicet
729 703 770 764 ita
791 711 906 767 tacente
926 707 992 786 ipso
1013 691 1161 767 occultare
1182 705 1242 766 oris
1262 706 1475 768 immutatione
1495 711 1695 788 patefecisse.

282 811 380 874 sillam
406 810 514 871 accersi
530 809 614 889 jubet
626 841 643 856 -
663 810 747 890 quasi
768 813 873 878 obvius
894 811 1018 874 honoris
1038 810 1175 893 procedit
1195 831 1283 873 cause
1303 845 1320 858 ·
1354 830 1421 874 ror.
1443 821 1474 874 et
1492 813 1522 877 ri
1542 820 1692 898 jugurtam

286 915 511 1004 rubianumii
530 950 547 963 -
565 917 627 978 sitae
644 927 725 978 sunt.
1531 909 1533 915 ’

284 1173 375 1244 Cnd.
397 1179 485 1259 1760.
507 1172 584 1266 sol.
615 1177 703 1242 Soec.
733 1118 900 1262 XLszine
920 1179 975 1241 rel
997 1171 1105 1242 initio
1126 1177 1221 1242 XII.
1255 1178 1443 1265 eleganter
1468 1184 1505 1242 et
1536 1199 1693 1246 accura-

324 1289 361 1343 te
379 1277 549 1370 scriptus.
565 1279 679 1348 Catil.
694 1289 730 1347 et
741 1283 834 1371 Jug.
855 1281 1036 1346 accedunt
1053 1284 1187 1370 glossae
1207 1276 1247 1345 in
1262 1278 1429 1370 margine
1449 1290 1486 1346 et
1506 1278 1604 1348 inter
1626 1280 1691 1350 lin.

251 1411 257 1418 ’
298 1441 300 1446 .
322 1386 428 1450 nulla
446 1382 643 1468 scriptur-ce
657 1384 1007 1475 antiquoerestigia,
1029 1389 1121 1454 ordo
1142 1387 1330 1454 verborum
1352 1387 1534 1459 turbatus.
1555 1387 1693 1458 Oratio

846 1486 937 1585 Gajr'
954 1491 1124 1560 Caesaris.

310 1709 314 1714 .
332 1653 440 1716 Omnis
459 1687 478 1703 -
497 1655 637 1720 officiunt
655 1690 674 1706 -
693 1653 775 1722 tunc
787 1661 905 1720 animus
924 1693 941 1703 -
959 1657 1115 1718 rodiorum
1135 1690 1154 1706 ·
1174 1657 1271 1717 fuerat
1290 1691 1306 1703 -
1333 1659 1426 1719 rodiis
1445 1690 1464 1706 -
1491 1677 1577 1720 causa
1596 1691 1614 1707 -
1641 1660 1695 1718 im

281 1763 404 1842 punitos
426 1782 475 1823 eos
494 1761 630 1824 dimisere
649 1796 668 1812 -
693 1745 922 1847 Kartaginenses
941 1794 961 1810 ·
980 1758 1040 1821 boc
1061 1763 1133 1820 item
1154 1793 1170 1806 -
1190 1781 1239 1840 ap.
1261 1781 1312 1822 ros
1333 1765 1427 1825 valeat
1446 1795 1465 1810 -
1492 1765 1659 1844 repperitur
1678 1795 1696 1811 -

280 1885 354 1948 opp.
375 1899 394 1915 ·
413 1876 567 1948 exusperat
585 1900 604 1917 -
623 1867 670 1928 his
691 1869 838 1930 utendum
860 1883 966 1922 censeo
984 1861 1110 1942 legibus,
1131 1882 1196 1940 quae
1214 1875 1390 1942 comparatae
1410 1878 1511 1926 sunt·
1529 1870 1652 1946 spoliari
1673 1899 1693 1916 -

280 1973 428 2050 pertinuit
449 1975 545 2032 oratio
574 2003 592 2016 ·
625 1981 736 2030 ettam
757 1978 841 2028 atrox
869 1997 888 2012 ·
917 1983 1012 2042 pravae
1030 1964 1171 2028 videntur
1196 1996 1215 2011 ·
1245 1967 1320 2026 alios
1340 1966 1422 2047 apud
1442 1965 1580 2029 homines
1601 2001 1620 2018 -
1650 1973 1695 2034 sic

281 2075 416 2134 existimo
436 2075 568 2138 -sevior
587 2103 607 2120 ·
626 2073 769 2132 silianum
790 2104 806 2117 -
834 2090 899 2151 quae
920 2066 1031 2129 dixerat
1050 2098 1069 2117 ·
1096 2069 1201 2129 sillone
1221 2100 1240 2115 ·
1266 2089 1517 2151 supervacaneum
1544 2072 1613 2155 (sed
1641 2094 1693 2134 su·

281 2196 462 2260 pervacuum
483 2177 687 2257 emendatum)
709 2197 778 2236 eum
799 2175 958 2258 presertim
978 2207 996 2222 ·
1022 2184 1085 2248 tuta
1104 2173 1239 2256 presidia
1258 2207 1278 2248 q
1304 2196 1425 2257 possum
1445 2209 1464 2224 ·
1489 2179 1523 2236 in
1545 2181 1693 2242 sententia

281 2303 346 2343 non
366 2316 385 2332 ·
405 2284 601 2366 eondcpnatis
620 2319 636 2330 -
656 2287 750 2345 levius
770 2291 814 2341 est
832 2307 851 2328 -
872 2278 946 2362 qnid
967 2280 1107 2343 convenit
1126 2313 1143 2325 ·
1163 2299 1197 2338 ex
1216 2279 1277 2340 reb.
1299 2280 1387 2342 bonis
1406 2316 1422 2328 ·
1442 2285 1561 2364 ignaros
1581 2285 1657 2348 cives
1673 2315 1693 2332 -

282 2389 439 2470 inposuere
452 2423 478 2466 .·
496 2402 526 2452 et
545 2389 619 2451 hcib
626 2413 636 2466 3
656 2388 859 2469 indapnatum
872 2417 888 2435 -
908 2386 1001 2450 crevit
1020 2386 1168 2468 paulatim
1188 2385 1288 2446 -silla
1307 2420 1324 2433 ·
1343 2385 1559 2469 damaspppum
1581 2391 1600 2436 -’
1619 2389 1693 2451 alios

282 2495 432 2573 ejusmodi
451 2531 467 2543 -
488 2498 599 2558 factum
620 2494 761 2556 laudabat
779 2525 798 2540 -
824 2504 975 2575 postremo
995 2513 1045 2556 vas
1064 2523 1080 2539 ·
1101 2491 1147 2553 uti
1164 2493 1189 2550 is
1208 2522 1227 2538 -
1254 2490 1428 2575 damasyppi
1448 2495 1559 2555 leticie
1579 2515 1658 2555 mors
1678 2527 1695 2542 ·

281 2598 313 2659 in
336 2597 383 2661 bis
403 2613 497 2684 temp.
517 2638 534 2650 -
553 2623 658 2686 egoere
677 2619 812 2682 unquam
833 2632 849 2646 -
869 2621 887 2658 a
907 2597 1074 2659 sannitibus
1093 2629 1112 2646 -
1131 2597 1168 2658 de
1188 2597 1482 2662 condemnatissumc
1502 2620 1653 2662 summum
1674 2629 1694 2648 -

280 2709 458 2786 permissum
481 2731 508 2770 e.
530 2709 699 2790 dampnatis
720 2742 736 2755 -
765 2707 827 2790 Ego
847 2704 928 2788 banc
948 2725 1066 2766 causam
1087 2739 1104 2751 -
1124 2710 1221 2780 major
1240 2705 1302 2760 illis
1322 2735 1338 2746 -
1357 2704 1471 2783 nequis.

360 2811 396 2874 C.
416 2811 462 2874 52.
483 2817 581 2875 aliena
603 2835 687 2873 mens
708 2847 724 2857 -
743 2821 773 2867 et
792 2812 927 2888 pericula
946 2835 965 2851 -
991 2805 1146 2864 malefacta
1169 2816 1232 2864 tum
1253 2824 1428 2883 persequare
1448 2838 1466 2852 ·
1486 2808 1532 2865 nil
1552 2811 1661 2888 reliqui
1675 2842 1693 2860 ·

280 2921 483 2997 cujuscunque
504 2915 588 2976 modi
608 2915 750 2976 ridentur
763 2942 781 2957 -
800 2931 863 2968 non
885 2907 922 2965 de
941 2908 1089 2964 sociorum
1103 2938 1119 2950 -
1139 2915 1169 2963 et
1189 2904 1316 3002 avaritia
1332 2937 1350 2951 -
1370 2908 1582 2987 negligentiam
1601 2942 1620 2958 -
1640 2913 1693 2974 sed

279 3022 342 3080 hac
362 3029 568 3100 cujuscunque
592 3047 612 3062 -
642 3017 703 3074 sint
723 3033 774 3091 qm
796 3031 865 3068 sane
890 3040 909 3057 -
937 3012 1029 3087 paulo
1051 3016 1120 3067 ante
1141 3008 1173 3066 in
1195 3007 1299 3068 ordine
1326 3041 1342 3054 -
1372 3011 1498 3073 infernis
1518 3047 1535 3058 -
1563 3017 1597 3072 in
1617 2995 1692 3079 urbe

280 3120 518 3182 tantummodo-
538 3121 670 3176 minores
689 3124 760 3175 sunt
779 3148 795 3159 -
815 3116 840 3171 si
860 3115 893 3171 in
915 3122 999 3172 tanto
1019 3147 1035 3159 -
1055 3114 1142 3172 refert
1162 3111 1309 3174 mehercle
1322 3143 1343 3162 -
1362 3114 1400 3175 de
1419 3118 1561 3180 omnibus
1583 3129 1692 3202 conju·

279 3226 405 3286 rationis
433 3259 450 3269 -
480 3221 622 3282 attentius
642 3239 676 3280 ea
697 3218 847 3300 exagitatis
874 3251 891 3264 ·
919 3218 1014 3277 nolite
1034 3238 1107 3282 oms.
1136 3225 1261 3299 majores
1286 3230 1403 3281 nostros
1431 3225 1595 3287 existimare
1623 3262 1641 3276 -
1668 3231 1693 3289 si

280 3317 323 3390 ite
343 3338 415 3390 esset
435 3349 479 3392 res
505 3361 524 3376 ·
552 3333 649 3406 major
669 3325 756 3404 copia
777 3321 865 3384 nobis
886 3343 975 3404 quem
997 3323 1058 3382 illis
1078 3333 1121 3382 est
1148 3354 1167 3370 ·
1196 3327 1317 3385 nullum
1338 3326 1427 3391 discr.
1454 3363 1474 3376 -
1500 3352 1535 3391 ac
1555 3335 1655 3413 gratie
1674 3370 1691 3381 -

282 3435 335 3497 sed
355 3434 417 3495 haec
436 3456 491 3518 ego
512 3467 527 3481 ·
554 3432 590 3495 ad
613 3434 684 3496 bell.
707 3449 809 3491 arcess.
828 3465 845 3476 -
871 3427 1003 3488 hostium
1025 3450 1093 3489 cum
1115 3431 1242 3490 exercitu
1262 3465 1278 3476 -
1305 3431 1496 3512 apprehensis
1516 3434 1652 3497 hostibus
1672 3471 1691 3487 ·

271 3539 464 3622 dereliquere
483 3537 722 3624 hominesadol.
743 3570 762 3584 ·
787 3545 876 3617 atque
902 3544 1030 3595 armatos
1059 3533 1216 3596 dimittatis
1236 3570 1252 3582 -
1279 3539 1413 3618 ceperint
1443 3559 1525 3634 arma
1545 3573 1564 3588 -
1593 3552 1691 3605 verta-

183 3645 186 3654 ’
282 3657 371 3716 tur·
391 3645 523 3706 mollicie
545 3646 638 3705 animi
659 3675 675 3693 ·
697 3645 755 3705 diis
775 3639 985 3703 inmortalibus
1003 3673 1022 3688 ·
1048 3661 1123 3723 saepe
1143 3643 1177 3701 in
1198 3643 1333 3702 maximis
1354 3677 1371 3691 -
1391 3646 1494 3705 omnia
1514 3666 1652 3729 prospera
1672 3681 1692 3700 -

280 3739 405 3835 ignaviae
426 3761 454 3829 te
474 3745 723 3833 atque'soccrdiae
741 3781 761 3798 -
781 3746 862 3831 quod
884 3749 908 3808 is
928 3755 1060 3808 contra·
1074 3757 1168 3808 cetera
1187 3749 1246 3812 vita
1266 3767 1394 3811 eorum·
1414 3750 1470 3812 diis
1492 3762 1521 3813 et
1540 3739 1690 3815 hominib.

281 3877 417 3939 unquam
438 3857 571 3939 pepercit
590 3890 608 3905 -
627 3859 660 3916 ni
681 3860 806 3917 alterum
826 3861 888 3935 jam
909 3887 927 3902 -
956 3854 993 3915 de
1013 3854 1123 3938 gabino
1143 3890 1159 3903 -
1184 3857 1270 3937 pensi
1286 3877 1420 3938 unquam
1440 3891 1460 3905 -
1479 3856 1647 3921 mehercule
1666 3863 1692 3922 si

283 3972 406 4045 peccato
426 3993 446 4009 ·
465 3983 533 4023 cnm
556 3964 682 4024 exercitu
705 3965 801 4023 lauces
821 3971 907 4044 urget
926 3991 945 4008 ·
965 3979 1069 4021 censeo
1090 3982 1145 4044 ego
1165 3993 1184 4008 -
1202 3963 1377 4024 volturcie.·

324 4069 394 4151 Jug.
409 4089 435 4135 e.
449 4068 499 4131 85.
521 4064 636 4128 hisdem
649 4069 759 4130 artibus
768 4100 786 4117 ·
796 4066 882 4149 et(co
892 4081 958 4148 sup.
972 4067 1039 4146 lin.)
1051 4073 1162 4147 majore
1176 4087 1245 4128 cura
1256 4102 1274 4118 -
1289 4089 1341 4132 vro
1355 4068 1500 4131 beneficio
1512 4104 1530 4118 ·
1551 4072 1689 4132 factiosos

285 4175 414 4256 asperius
436 4181 479 4234 est
499 4207 514 4219 -
534 4183 634 4234 assunt
647 4207 665 4222 ·
685 4173 876 4235 adnitendcm
898 4183 941 4234 est
955 4206 973 4224 -
994 4184 1023 4233 et
1042 4175 1093 4232 illa
1114 4172 1220 4233 frustra
1239 4176 1300 4254 sint
1316 4163 1335 4221 '-
1355 4177 1379 4235 is
1399 4178 1607 4258 imperatorem
1629 4179 1688 4236 ali-

284 4297 336 4338 um
358 4312 377 4328 -
397 4281 567 4362 generosiss.
589 4299 648 4340 esse
667 4315 683 4342 r
703 4280 813 4340 facient
831 4279 912 4342 idem
926 4276 1061 4341 -labori
1081 4297 1148 4340 meo
1170 4289 1200 4342 ct
1219 4281 1398 4346 innocentiae
1417 4315 1434 4328 -
1454 4283 1507 4365 qui
1527 4280 1689 4347 diversissi-

1336 4385 1385 4480 45
