4282 5390
419 461 470 554 46

417 661 600 724 versatum.
620 656 770 738 Querar
782 651 826 716 ad
844 645 1021 733 liquidum
1041 644 1186 732 perduci
1202 644 1261 710 vix
1274 650 1402 729 potest,
1423 665 1501 708 cum
1520 649 1668 716 nasitus
1688 655 1832 736 quidem

416 763 520 841 hujus
536 758 634 824 uubis
652 760 734 824 satis
757 763 867 824 certus
883 752 939 820 sit.
959 748 1125 836 Quamvis
1143 749 1237 816 enim
1253 749 1378 818 tmultae
1398 749 1588 820 urberhoc
1609 758 1753 826 nomine
1770 783 1830 848 ap-

416 869 553 954 pellatae
568 865 715 947 fuerint,
734 873 849 926 tamen
870 877 983 940 neque
1003 857 1042 919 in
1063 853 1296 941 Cappadocia,
1315 874 1429 938 neque
1450 856 1489 920 in
1505 859 1635 948 Ponto,
1654 884 1768 947 neque
1790 869 1830 933 in

416 972 581 1038 Armenia
598 973 665 1034 hoc
688 967 785 1032 urhis
808 984 938 1029 nomen
960 964 1054 1048 apud
1074 961 1289 1048 geographos
1313 971 1542 1027 memoratum
1561 966 1692 1034 inveni.
1725 973 1830 1040 Caete-

415 1097 494 1142 rum
519 1079 564 1140 de
584 1074 654 1138 fine
673 1073 767 1138 helli
785 1067 1032 1151 Mithridatici,
1065 1066 1190 1148 quiin
1216 1077 1416 1147 sequentem
1436 1089 1568 1136 annum
1589 1073 1737 1163 incidit,
1767 1079 1829 1142 cfr.

416 1185 490 1248 Lir.
505 1180 592 1266 Epit
611 1183 680 1247 cll.
701 1175 933 1256 «Pharnadem
955 1174 1052 1238 filius
1069 1171 1284 1238 Mithridatis
1302 1174 1394 1259 patri
1413 1176 1547 1243 hellum
1565 1178 1697 1244 intulit.
1717 1183 1769 1245 Ab
1787 1204 1828 1250 eo

415 1288 635 1354 Mithridates
657 1288 814 1352 obsessus
830 1285 870 1348 in
888 1281 1005 1369 regia,
1025 1300 1133 1363 quum
1150 1298 1339 1348 exveneno
1356 1289 1493 1368 sumpto
1516 1303 1640 1368 parum
1662 1285 1831 1369 profchs·

416 1403 481 1479 ret,
503 1398 548 1457 ad
568 1400 734 1469 mortem,
760 1411 782 1453 a
800 1389 914 1453 milite
933 1386 1035 1450 Gallo
1055 1387 1199 1453 nomine
1218 1389 1371 1472 Bitoeto,
1398 1407 1419 1451 a
1439 1407 1509 1471 quo
1531 1398 1571 1454 ut
1591 1389 1769 1468 adjuvaret
1792 1412 1830 1460 se

414 1500 574 1584 petierat,
603 1498 805 1563 interfectus
830 1501 889 1558 est.
923 1493 983 1558 Gn.
1012 1492 1357 1577 pompejusuuuaeos
1379 1495 1532 1582 subegit,
1559 1495 1680 1562 fanum
1707 1518 1830 1563 eorum

417 1605 457 1668 in
467 1600 521 1689 (P)
528 1603 776 1688 Hierosolyma
787 1597 995 1666 inviolatum
1009 1600 1055 1661 ad
1072 1599 1111 1664 id
1128 1605 1284 1683 tempus,
1306 1597 1429 1684 cepit)
1447 1599 1554 1668 Dion.
1564 1603 1653 1668 Cass.
1665 1603 1831 1672 XXXVII.

416 1726 550 1788 11-2o,
568 1710 659 1776 Plut.
680 1711 801 1792 Pomp.
819 1712 952 1788 39-42.
972 1704 1119 1793 Appiam.
1138 1703 1333 1768 Mithriaca
1351 1726 1379 1772 c.
1406 1708 1580 1772 rod-115.
1601 1708 1699 1773 Oros.
1723 1709 1781 1775 VI.
1800 1725 1832 1784 4.

418 1819 446 1877 5.
466 1818 496 1878 6.
516 1812 578 1896 qui
598 1833 688 1878 unus
707 1813 911 1899 Pompejum
931 1812 1107 1878 Parthiam
1126 1811 1223 1878 bello
1243 1811 1417 1897 petivisse,
1441 1815 1533 1880 etad
1546 1813 1756 1878 Ecbatanam
1772 1835 1830 1878 ur·

414 1920 514 1999 hem,
546 1930 648 2006 caput
675 1921 830 1986 Parthici
849 1919 966 2008 regni,
992 1919 1281 2008 quinquagesimo
1308 1919 1367 1988 die
1389 1920 1524 1986 venisse
1543 1928 1677 2013 narrata
1690 1922 1768 2012 Qua
1786 1922 1830 1987 dc

413 2043 452 2090 re
470 2027 760 2094 cfr.Freinsheim.
778 2028 955 2114 Supplem.
972 2027 1046 2093 Liv.
1057 2029 1096 2093 L.
1113 2029 1246 2094 LXVII.
1264 2028 1328 2109 qui
1343 2027 1508 2097 Omnium
1527 2027 1712 2093 nominum
1731 2025 1830 2091 simi-
1958 2069 1963 2080 .

413 2127 566 2192 titudine
595 2134 636 2190 ira
668 2151 822 2196 errorem
849 2134 1032 2196 inductum
1060 2140 1095 2196 et
1118 2134 1291 2196 Ecbatana
1317 2133 1460 2216 Syriaca
1485 2132 1677 2214 significari
1700 2132 1829 2196 docuit.

412 2233 504 2296 Flor.
525 2235 587 2296 111.
611 2235 640 2294 5.
664 2234 714 2294 25.
743 2231 921 2315 «Exceptis
941 2230 1072 2314 quippe
1092 2236 1250 2315 Parthis,
1270 2237 1334 2312 qui
1350 2237 1462 2298 foedus
1479 2236 1696 2316 maluerunt,
1717 2240 1751 2298 et
1770 2237 1831 2299 In·
1884 2238 1887 2245 ’
2004 2319 2010 2334 ¹

322 2390 323 2393 ,
413 2337 481 2417 dis,
511 2334 573 2418 qui
601 2337 716 2400 adhuc
746 2357 810 2402 nos
832 2356 907 2400 non
929 2344 1117 2418 noverant,
1138 2337 1252 2400 omnis
1273 2336 1355 2400 Asia
1384 2335 1476 2400 inter
1502 2340 1647 2402 rubrum
1674 2347 1829 2406 marcet

412 2443 573 2526 Caspium
590 2449 626 2509 et
644 2445 822 2510 Oceanum
838 2439 1056 2518 PompeJanIs
1077 2437 1211 2496 domita
1226 2437 1283 2497 vel
1299 2455 1462 2520 oppressa
1488 2439 1598 2524 signis
1617 2445 1828 2509 tenebatur.‘’

412 2548 553 2629 Eutrop.
572 2531 703 2608 Hister.
723 2543 780 2611 VI.
802 2555 850 2618 14.
870 2541 1010 2606 Zdnarae
1035 2537 1160 2604 Annat
1180 2539 1220 2602 T.
1237 2537 1280 2604 11.
1302 2562 1338 2625 p.
1360 2560 1430 2606 rar.
1445 2560 1522 2626 sqq.
