4230 5348
339 481 410 551 138

333 673 357 738 i.
381 691 412 735 e.
435 669 592 749 «soluto,
617 665 661 726 ab
684 659 827 739 antiquo
849 657 931 731 luo,
960 655 1054 716 unde
1075 651 1210 716 diluere
1235 654 1326 737 apud
1341 643 1554 720 A.'Gellium
1577 655 1652 720 XII.
1673 679 1700 721 c.
1721 679 1749 722 1.

334 777 506 850 etelucre
528 784 582 854 ap.
610 767 680 830 Cic.
710 761 790 826 Lael.
818 780 846 823 c.
871 765 920 823 22'.
941 780 1005 845 pro
1030 757 1226 826 dissolvere.
1250 761 1360 828 Varro
1383 761 1426 824 de
1445 763 1482 823 L.
1505 763 1544 823 L.
1565 764 1622 828 IV.
1639 764 1753 827 Usita-

333 881 404 944 tius
424 881 559 940 luxatus
582 891 623 933 ex
644 870 766 932 eodem
790 866 904 950 fonte,
924 863 1107 948 quainter
1130 861 1218 928 alios
1238 863 1348 928 utitur
1362 867 1490 930 Seneca
1508 868 1568 951 Ep.
1590 883 1658 944 ¹⁰4·
1686 871 1753 932 Sed

242 1055 248 1066 ,
334 980 497 1049 similiter
515 981 631 1038 noster
653 966 813 1056 encitus,
834 968 993 1055 claudit,
1026 970 1163 1052 aliaque
1187 977 1354 1054 usurpat,
1375 980 1408 1035 et
1431 972 1519 1036 Gell.
1542 997 1591 1036 11.
1614 997 1640 1054 7.
1654 973 1752 1036 ‘anti-

284 1069 285 1073 '
337 1106 445 1168 quum
469 1088 634 1146 eructum
659 1100 723 1164 pro
743 1085 966 1144 eructatum.»
992 1079 1082 1139 Cort.
1102 1077 1207 1140 Debr.
1223 1077 1536 1166 vulnus-intelligit
1557 1063 1755 1143 Mithridati

335 1193 380 1256 ab
403 1189 517 1254 exsule
539 1191 699 1250 Romano
719 1185 757 1248 in
778 1185 904 1270 proelio
927 1191 1048 1247 contra
1067 1182 1211 1245 Fabium
1230 1182 1377 1262 illatum.
1399 1184 1460 1248 cfr.
1483 1179 1585 1268 supra
1605 1205 1682 1270 pag.
1702 1190 1752 1267 37.

338 1298 428 1361 Plut.
449 1299 530 1358 Luc.
558 1295 611 1355 st.
635 1287 783 1376 Appian.
808 1293 852 1354 de
871 1292 904 1352 b.
926 1289 1045 1352 Mithr.
1068 1309 1118 1369 9⁰·
1152 1288 1258 1352 Dion.
1280 1289 1369 1351 Cass.
1398 1291 1448 1352 35.
1478 1292 1588 1353 8-10.
1624 1325 1642 1342 -
1656 1293 1753 1365 164.-

337 1397 542 1481 Maurique
557 1418 688 1462 cunum
709 1416 826 1484 genus
852 1404 914 1460 etc.
934 1398 1006 1459 hec
1023 1395 1062 1456 in
1081 1394 1196 1478 primo
1219 1394 1312 1457 libro
1332 1401 1468 1457 narrata
1486 1395 1665 1478 existimo,
1686 1394 1749 1458 ubi

339 1510 381 1572 de
405 1504 551 1570 Sertorii
574 1503 794 1586 expeditione
823 1501 862 1564 in
892 1499 1043 1564 Africam
1072 1501 1152 1585 egit.
1188 1499 1345 1584 Mythica
1371 1500 1465 1563 enim
1492 1503 1547 1564 vel
1574 1521 1615 1564 eo
1635 1502 1713 1564 loco
1735 1520 1756 1562 a

337 1613 485 1676 salustio
506 1609 611 1672 fuisse
629 1616 783 1691 narrata,
804 1607 987 1692 probabile
1015 1614 1065 1670 est
1091 1614 1233 1691 propter
1259 1606 1370 1669 Antaei
1399 1606 1594 1690 sepulcrum
1629 1606 1756 1668 aPlu·
1874 1597 1878 1612 '

338 1719 458 1780 tarcho
481 1723 718 1778 memoratum.
756 1712 817 1776 cfr.
837 1713 916 1780 Vit.
930 1716 1056 1776 Sertor.
1076 1735 1104 1774 c.
1128 1735 1159 1792 9.
1193 1708 1311 1778 -165.-
1331 1711 1384 1776 Et
1401 1713 1629 1794 Perpernam
1643 1705 1757 1800 forte

340 1816 532 1910 cognoscit
550 1815 665 1881 mulio
686 1816 936 1900 redemptoris.
966 1817 1026 1880 cfr.
1045 1820 1165 1880 Horat.
1186 1819 1271 1899 Epp.
1294 1839 1321 1878 2.
1344 1831 1372 1876 2.
1389 1837 1437 1895 72.
1458 1816 1608 1904 Festinat
1624 1815 1756 1878 calidus

339 1926 443 1992 mulis
458 1925 657 2010 gerulisque
677 1924 876 2005 redemptor
897 1931 931 1984 et
951 1921 1101 2005 interpp.
1117 1921 1210 1983 adh.
1229 1923 1254 1984 l.
1271 1924 1344 1986 haec
1365 1925 1408 1984 de
1426 1923 1599 2006 Perperna
1619 1922 1657 1984 in
1672 1921 1755 2004 fuga

339 2033 384 2095 ab
407 2029 571 2112 Hispanis
604 2027 836 2108 deprehenso,
867 2027 1026 2110 intellige
1049 2025 1109 2089 cfr.
1138 2024 1285 2108 Appian.
1307 2030 1351 2089 de
1373 2028 1408 2089 b.
1430 2027 1501 2088 Civ.
1524 2031 1552 2088 I.
1578 2029 1646 2088 115.
1665 2025 1756 2085 Plut.

339 2138 467 2201 Sertor.
490 2155 537 2214 ²7·
559 2135 685 2194 -166.-
704 2131 796 2196 Mor
818 2127 957 2210 Trequi
978 2127 1120 2192 initium
1142 2129 1329 2213 fragmenti
1349 2138 1569 2212 corruptum,
1590 2137 1624 2192 et
1641 2147 1758 2192 veram

228 2232 235 2241 ’
340 2241 528 2305 lectionem
546 2236 725 2300 restituere
747 2254 788 2300 eo
815 2233 1012 2318 difficilius,
1035 2237 1130 2316 quod
1148 2233 1335 2298 chrossio
1358 2243 1497 2298 auctore
1515 2234 1554 2296 in
1572 2253 1613 2297 eo
1630 2233 1759 2297 descri-.

340 2347 457 2411 bendo
472 2343 611 2408 librarii
624 2362 729 2424 quam
750 2340 898 2405 maxime
919 2340 1109 2403 variarunt.
1129 2340 1283 2423 primum
1306 2339 1415 2422 igitur
1428 2343 1495 2403 hoc
1513 2339 1595 2402 satis
1612 2347 1757 2416 certum,

342 2454 417 2516 haec
433 2455 477 2514 ad
497 2449 637 2517 initium
656 2447 745 2512 belli
767 2445 970 2530 gladiatorii
990 2445 1180 2527 pertinere,
1207 2446 1301 2523 quod
1326 2440 1365 2503 in
1387 2451 1538 2506 aestetem
1569 2445 1655 2518 anni
1688 2445 1757 2505 681.

280 2592 282 2595 ·
343 2557 479 2620 incidit.
498 2561 587 2620 Tum
612 2573 653 2616 ex
680 2560 753 2614 toto
778 2548 820 2630 fr.
840 2547 942 2611 facile
968 2547 1110 2632 colligas
1135 2547 1278 2610 alteram
1297 2545 1434 2611 Varinii
1458 2548 1590 2610 cladem
1611 2549 1667 2613 his
1683 2570 1759 2614 ver-

341 2662 398 2723 bis
418 2660 621 2744 significari,
642 2677 718 2739 quae
744 2663 839 2716 tanta
855 2653 937 2733 fuit,
958 2663 997 2713 ut
1018 2653 1125 2735 ipsius
1143 2671 1250 2733 equus
1272 2653 1470 2734 aSpartaco
1487 2657 1674 2734 caperetur.
1696 2652 1756 2716 cfr.

232 2761 235 2768 ⁴
342 2769 429 2851 App.
449 2768 492 2828 de
516 2766 551 2825 b.
572 2764 642 2826 Cir.
671 2763 740 2823 116.
758 2767 790 2822 et
810 2774 913 2839 supra
932 2775 1009 2838 pag.
1034 2759 1082 2816 26.
1104 2757 1220 2818 Tertio
1244 2757 1382 2818 nullum
1403 2765 1453 2819 est
1472 2757 1637 2834 dubium,
1660 2765 1758 2822 com·
1830 2799 1833 2804 ι

343 2867 519 2934 miserant
527 2869 565 2936 in
574 2863 725 2928 miserat
737 2882 807 2926 esse
817 2861 1036 2952 mutandum3
1048 2858 1249 2922 alitercnim
1257 2861 1448 2938 subjectum
1458 2861 1549 2922 nihil
1560 2862 1757 2944 habet,quo

345 2976 522 3041 referatur.
543 2971 613 3034 nisi
626 2971 716 3032 forte
726 2965 866 3048 statuis,
887 2971 938 3028 tot
956 2965 1061 3027 rerba
1072 2964 1186 3026 deleta
1196 2984 1284 3047 esse,
1302 2971 1388 3026 utet
1402 2966 1641 3048 praedicatum,
1662 2973 1757 3046 quod

346 3073 591 3144 ad'Vurinius
607 3074 772 3160 pertinet,
793 3080 828 3134 et
841 3069 1031 3147 subjectum
1053 3069 1228 3148 sequentis
1248 3069 1348 3136 verbi
1366 3069 1531 3132 omissum
1551 3070 1604 3132 sit.
1626 3091 1694 3152 qua
1714 3074 1758 3136 de

345 3207 382 3250 re
410 3184 514 3247 statui
538 3177 596 3246 vix
615 3187 743 3265 potest,
763 3178 832 3241 nisi
865 3176 1013 3260 spatium
1035 3178 1167 3238 lacunae
1189 3173 1382 3238 accuratius
1410 3175 1622 3257 exploratum
1640 3177 1758 3260 fuerit,

345 3291 451 3353 Debr.
472 3289 560 3352 Hist.
579 3290 621 3350 R.
642 3289 683 3347 R.
705 3289 734 3346 3.
756 3305 790 3366 p.
813 3285 881 3344 160.
906 3281 1123 3344 Thoranium
1149 3283 1297 3343 Romam
1318 3299 1338 3340 a
1364 3279 1509 3345 Varinio
1531 3282 1673 3346 missum
1693 3291 1758 3346 sta-

345 3396 428 3472 tuit,
451 3395 513 3476 qui
543 3397 586 3456 de
608 3389 837 3472 fugitivorum
857 3387 983 3470 opibus
1004 3406 1152 3471 praesens
1171 3393 1365 3469 exponeret.
1388 3386 1554 3449 Gaeterum
1575 3390 1643 3450 hoc
1663 3387 1705 3450 fr.
1727 3396 1765 3451 et

350 3504 419 3581 169.
444 3523 512 3583 171.
532 3495 691 3578 sequenti
712 3491 898 3576 postponit.

449 3607 570 3684 ·167.-
589 3601 705 3688 Ingre
724 3603 830 3662 tante
849 3605 911 3659 etc.
932 3594 1036 3673 hujus
1052 3613 1190 3675 quoque
1208 3591 1392 3680 fragmenti
1411 3595 1552 3658 initinm
1568 3597 1617 3660 ita
1638 3600 1761 3682 depra-

348 3717 481 3792 vatum,
501 3717 554 3790 ut,
574 3706 643 3770 nisi
658 3705 785 3770 iterum
802 3701 889 3766 folia
909 3699 1066 3782 Mscripti
1081 3699 1271 3762 accuratius
1287 3700 1541 3786 examinentur,
1558 3703 1650 3766 nihil
1674 3703 1760 3768 certi

351 3835 392 3880 ex
407 3813 522 3876 verbis
539 3810 711 3888 conjicias.
733 3808 856 3873 urbem
877 3804 1031 3887 aliquam
1046 3812 1181 3890 captam
1194 3806 1263 3868 hoc
1284 3804 1478 3890 fragmento
1501 3809 1667 3872 illustrari
1681 3828 1762 3871 ma.

350 3915 514 3978 nilestum
533 3923 592 3975 est.
612 3919 702 3978 Num
720 3923 835 3978 autem
856 3911 963 3991 Nola,
982 3931 1028 3974 an
1046 3896 1301 3993 Metapontum,
1322 3929 1366 3970 an
1389 3913 1554 3998 Nuceria,
1575 3935 1620 3978 an
1639 3913 1763 3979 Thurii

347 4016 570 4100 intelligendi
588 4018 674 4098 sint,
693 4038 806 4098 neque
823 4017 947 4080 euhoe
966 4016 1057 4094 loco,
1076 4032 1188 4092 neque
1208 4030 1249 4074 ex
1268 4011 1387 4074 ceteris
1409 4017 1526 4078 rerum
1539 4019 1763 4102 scriptoribus

349 4124 394 4184 ad
419 4119 595 4202 liquidum
621 4121 765 4203 perduci
790 4128 912 4202 potest.
942 4119 1070 4200 quippe
1093 4134 1177 4195 quas
1201 4115 1304 4178 urbes
1335 4137 1455 4184 omnes
1480 4123 1631 4186 terribili
1651 4131 1763 4206 strage
1873 4115 1877 4123 ’

351 4235 494 4289 vastatas
521 4244 592 4289 esse
617 4227 738 4288 Florus
757 4231 879 4288 auctor
903 4230 961 4285 est.
983 4228 1012 4284 3.
1035 4239 1090 4280 20.
1107 4222 1224 4301 Neque
1247 4220 1286 4285 in
1304 4224 1418 4289 verbis
1437 4237 1530 4304 certa
1555 4226 1762 4312 significatio

350 4331 455 4417 inest,
480 4331 603 4400 urbem
629 4337 707 4394 non·
719 4333 764 4392 ad
789 4325 1064 4392 internecionem
1084 4321 1191 4389 fuisse
1221 4328 1387 4413 deletam,
1415 4321 1691 4410 quae'Debrossii
1714 4341 1763 4397 est
