4334 5354
378 491 451 584 548

371 702 528 772 nunquam
550 698 617 744 eum
638 685 671 746 b.
701 675 839 739 voluntas
861 679 1008 736 remorata
1030 702 1057 739 z.
1088 671 1182 754 pudet
1200 683 1240 733 an
1260 669 1361 754 pigeat
1380 693 1427 734 cx.
1448 671 1543 753 pudet
1563 676 1656 756 magis
1677 697 1715 738 an
1735 680 1784 761 pi·

371 805 439 877 gest
458 803 492 855 b.
512 787 624 868 pudeat
644 803 683 844 an
703 785 804 865 pigeat
824 783 918 864 magis
939 810 966 845 z.
989 769 1086 862 (96.-
1104 781 1187 841 veuit
1206 801 1232 838 c.
1252 764 1388 858 equitatu
1409 789 1442 843 b.
1455 777 1503 837 ab
1518 783 1610 840 'nullo
1632 790 1729 862 petere
1750 794 1783 848 b.

369 921 387 958 e
407 897 493 955 nullo
515 881 658 972 e'magts
677 887 812 948 laborare
832 896 865 950 1).
897 891 1008 946 mullus
1025 905 1084 946 esso
1104 893 1137 950 1).
1159 886 1253 945 factus
1272 894 1315 944 est
1334 892 1367 947 1).
1407 903 1512 964 -97.-
1540 891 1603 965 ejus
1624 907 1785 966 proxumos

368 1021 397 1061 c.
421 997 574 1077 corrupit:
604 995 662 1076 ipsi
683 996 761 1054 boco
782 1001 814 1056 b.
837 993 964 1052 inlectus
986 1014 1049 1056 cxz.
1071 991 1120 1050 die
1138 992 1255 1072 reliqua
1276 1016 1303 1052 z.
1325 1009 1435 1070 mtpr.
1455 989 1470 1047 i
1487 1009 1553 1071 sup.
1575 993 1630 1051 lin.
1651 1027 1692 1042 -
1721 994 1784 1055 diet

366 1115 437 1170 box.
460 1105 584 1164 scientes
608 1103 745 1160 locorum
765 1106 799 1161 1).
833 1096 930 1156 Mauri
951 1107 1042 1177 atque
1061 1097 1147 1157 ietuli
1167 1105 1200 1161 b.
1231 1101 1391 1160 incurrunt
1411 1104 1445 1159 1).
1477 1117 1569 1177 equos
1591 1097 1731 1158 scandere
1753 1128 1781 1164 ι.

367 1231 409 1270 m.
431 1229 478 1290 pr.
503 1206 661 1271 escendere
682 1226 708 1265 c.
724 1231 750 1269 z.
773 1223 815 1264 m.
835 1223 892 1263 sec.
915 1207 958 1262 ire
978 1201 1097 1263 obviam
1120 1200 1259 1263 hostibus
1270 1210 1303 1267 b.
1324 1201 1495 1283 peditesque
1509 1202 1561 1265 bz-
1582 1207 1668 1264 orbes
1688 1207 1782 1266 fecere

371 1343 399 1378 ι.
420 1336 461 1373 m.
483 1332 527 1395 pr.
548 1313 730 1392 ampliu.
751 1343 793 1359 -
823 1308 919 1388 -98.-
938 1309 1145 1378 laborantibus
1166 1327 1335 1369 succurrere
1356 1328 1401 1371 cz.
1421 1305 1479 1366 seui
1498 1309 1588 1368 etiam
1609 1310 1642 1368 in
1665 1337 1692 1372 z.
1714 1325 1781 1370 era·-

367 1441 445 1482 mm·
465 1453 506 1470 -
527 1420 615 1478 milit,
634 1418 787 1477 consulere
808 1421 841 1479 1).
863 1408 1035 1494 quasuptus.
1055 1431 1124 1475 con.
1144 1433 1212 1494 sup.
1235 1413 1291 1472 lin.
1312 1433 1337 1474 z.
1357 1432 1466 1495 magna
1486 1423 1568 1491 parte
1589 1413 1669 1472 edita
1689 1424 1781 1478 bcxz.

367 1545 463 1607 pauca
484 1525 673 1583 munimenta
693 1523 835 1602 gerebant
854 1538 919 1582 cxz.
949 1539 990 1582 m.
1011 1535 1058 1600 pr.
1079 1539 1111 1582 x.
1134 1538 1176 1577 m.
1197 1538 1253 1578 sec.
1275 1516 1394 1598 gerebat
1413 1551 1455 1568 -
1475 1545 1502 1581 z.
1524 1540 1565 1582 m.
1586 1538 1646 1578 sec.
1669 1538 1781 1598 quaero-

364 1629 448 1691 bant.
469 1665 510 1680 -
530 1628 672 1712 regebant
691 1636 726 1691 1).
743 1623 862 1704 gerebat
883 1645 924 1684 m·
944 1643 1004 1686 sec.
1023 1655 1066 1672 --
1085 1625 1205 1705 longius
1224 1621 1327 1682 habire
1348 1645 1376 1682 c.
1398 1643 1480 1683 more
1502 1643 1557 1683 suo
1578 1633 1628 1688 zb.
1651 1635 1703 1683 aut
1722 1637 1781 1705 pro

361 1735 526 1800 uictoribus
546 1734 634 1797 bcxz.
675 1751 783 1812 -99.—
802 1727 935 1788 hostium
959 1728 1109 1807 imperitia
1130 1735 1163 1791 b.
1183 1734 1245 1805 jam
1268 1749 1376 1788 somno
1398 1731 1492 1809 captis
1513 1750 1545 1788 x.
1567 1728 1604 1789 de
1624 1731 1688 1809 inp.
1709 1749 1780 1790 rcc-

363 1845 466 1923 tigales
487 1844 575 1901 bcxz.
596 1839 630 1896 iu
652 1864 679 1900 2.
700 1837 811 1915 glossa:
833 1831 1057 1892 tractarius-
1077 1833 1149 1892 itcm
1171 1832 1307 1894 cohortes
1325 1855 1406 1895 1.-
1420 1835 1504 1914 signa
1525 1837 1597 1894 tuba
1617 1854 1721 1894 canere
1740 1843 1777 1900 b.

364 1947 431 2005 cani
454 1972 481 2007 2.
513 1963 552 2003 m.
574 1963 619 2023 pr.
642 1959 675 2001 re
695 1957 760 2021 sup.
784 1939 840 2004 lin.
862 1958 984 2019 erupere
1007 1965 1031 2002 a
1060 1940 1103 1998 ita
1124 1939 1226 1999 cuncti
1249 1965 1277 2004 z·
1311 1960 1354 2001 m.
1373 1960 1419 2020 pr.
1441 1928 1473 2000 os
1492 1960 1559 2020 sup.
1581 1940 1634 1998 lin.
1653 1974 1694 1989 -
1714 1940 1778 1999 for·

362 2049 476 2108 midine
496 2057 691 2112 terrorebxz.
714 2048 858 2116 tumultu,
880 2043 1052 2120 formidine,
1073 2054 1183 2105 terrore
1204 2044 1288 2126 quasi
1303 2065 1330 2104 c.
1352 2055 1543 2126 acceperatx.
1566 2047 1659 2126 fugati
1681 2065 1774 2106 arma.
1861 2069 1863 2074 ·

363 2174 417 2232 pue
436 2153 502 2235 sup.
524 2155 579 2218 lin.
602 2180 629 2216 z..
658 2156 756 2235 plures
776 2172 811 2212 eo
833 2173 859 2216 c.
906 2171 1030 2211 -roo.-
1058 2152 1091 2210 in
1112 2148 1237 2211 hiberna
1258 2153 1282 2209 it
1302 2153 1374 2232 pftr.
1395 2172 1422 2210 c.
1451 2148 1515 2210 hib.
1536 2162 1602 2231 ppt.
1624 2131 1777 2210 commee-

356 2267 428 2317 .tum
452 2266 485 2321 1).
508 2259 540 2316 in
560 2255 625 2318 bib.
647 2269 778 2338 propter.
800 2256 824 2316 it
843 2277 908 2339 sup.
930 2259 987 2317 liu.
1007 2276 1058 2319 xz·
1079 2257 1191 2336 pariter
1211 2265 1300 2338 atque
1322 2278 1366 2320 cz.
1388 2255 1532 2318 dextimos
1552 2277 1602 2320 xz.
1630 2254 1777 2332 Amani-

359 2364 417 2421 lius
438 2384 468 2421 x.
497 2360 642 2426 locaverat
663 2363 799 2424 tribunos
822 2372 855 2428 b.
881 2375 912 2426 et
932 2367 1086 2444 increpare
1107 2371 1196 2449 bena.
1228 2384 1276 2442 eq.
1300 2361 1473 2422 exauliarios
1496 2389 1522 2424 z.
1545 2371 1574 2420 et
1595 2381 1652 2419 aux
1672 2382 1698 2424 c.
1720 2381 1777 2420 no-

359 2483 417 2549 que
437 2487 517 2528 secus
538 2469 596 2527 iter
616 2471 727 2545 facere,
747 2480 839 2550 atque
854 2487 921 2551 sup.
943 2471 998 2531 lin.
1019 2489 1049 2530 x.
1070 2488 1126 2551 pro
1148 2466 1315 2528 diffidentia
1336 2488 1367 2528 x.
1388 2468 1567 2528 futurorum.
1579 2466 1687 2543 fietun'
1706 2487 1775 2547 sup.

359 2574 415 2632 lin.
438 2601 465 2636 z.
487 2571 663 2635 cohercebat
682 2596 708 2634 c.
731 2575 877 2658 agebant3
900 2575 983 2658 quod
996 2594 1022 2637 c.
1044 2577 1120 2656 reip.
1141 2576 1254 2656 pariter
1274 2594 1341 2636 exz-
1362 2593 1456 2654 remp.
1480 2600 1508 2636 z·
1529 2593 1570 2632 m.
1592 2592 1638 2653 pr.
1658 2592 1774 2631 -101.-

360 2680 557 2756 speculatores
577 2679 627 2736 siti
646 2699 677 2736 x.
709 2682 842 2757 operitur
862 2707 890 2744 n.
910 2683 981 2740 item
1003 2679 1157 2762 «Iugurthae
1177 2701 1242 2760 spes
1263 2699 1294 2739 x.
1320 2699 1354 2738 cx
1374 2680 1433 2738 suis
1454 2678 1596 2738 omnibus.
1614 2698 1694 2759 aeque
1715 2679 1775 2736 ali-

359 2799 432 2860 quos
452 2801 486 2844 x.
506 2782 715 2860 proeliarentur
732 2801 762 2840 x.
783 2781 896 2858 primos
917 2791 986 2840 erat.
1007 2781 1055 2840 vel
1074 2783 1179 2859 agebat
1197 2803 1267 2858 sup.
1289 2786 1344 2839 lin.
1359 2819 1401 2831 -
1421 2803 1473 2842 sua
1494 2804 1586 2842 manu
1607 2786 1774 2862 interemp-

358 2895 423 2944 tum
445 2883 476 2944 h.
507 2893 535 2943 et
561 2888 720 2964 perculsos.
743 2883 775 2942 in
804 2902 870 2966 sup.
897 2885 954 2944 liu.
977 2909 1003 2947 z.
1036 2883 1203 2965 profligatis
1223 2885 1268 2943 his
1289 2893 1340 2948 bz·
1369 2904 1443 2964 quos
1463 2884 1619 2944 advorsum
1641 2889 1770 2966 gerati

357 3007 425 3071 epp·
446 2990 501 3051 lin.
523 3016 550 3052 z.
570 2987 702 3050 bocchus
722 2991 824 3050 statim
845 2987 1008 3050 advertitur
1027 3016 1054 3056 z.
1066 2989 1178 3057 ‚dexm
1199 3016 1226 3052 2.
1248 3009 1290 3048 m.
1310 3007 1356 3068 pr.
1377 3007 1480 3068 osup.
1500 2991 1556 3048 lin.
1575 3021 1617 3036 -
1637 2990 1773 3048 sinistra-

360 3113 419 3175 que
439 3114 467 3154 x.
488 3091 669 3156 vitabundus
691 3096 791 3176 erupit
810 3115 841 3166 x,
863 3095 993 3157 occurrit
1013 3112 1079 3155 aux.
1100 3114 1131 3154 x.
1151 3113 1185 3152 ac
1206 3094 1319 3152 multis.
1341 3091 1426 3151 multi
1445 3112 1510 3174 sup.
1533 3092 1587 3153 lin.
1600 3101 1633 3157 b.
1654 3114 1773 3155 ηοω.-

358 3201 434 3261 velle
456 3196 492 3256 de
513 3217 568 3256 suo
589 3206 620 3261 b.
634 3226 660 3262 a.
681 3221 723 3260 m.
745 3219 792 3282 pr.
812 3220 842 3261 se
862 3222 903 3261 m.
924 3218 982 3261 sec.
1003 3197 1166 3258 cummodo
1180 3224 1207 3260 z.
1230 3218 1268 3257 cu
1287 3199 1324 3258 iis
1347 3195 1369 3256 le
1388 3218 1453 3278 sup.
1475 3199 1530 3258 lin.
1544 3225 1571 3261 z·
1592 3199 1691 3258 statim
1713 3204 1773 3280 spl-

283 3285 290 3296 ⁸
357 3305 418 3362 lam
439 3311 474 3366 1).
505 3299 541 3362 A.
559 3305 718 3364 manilium
739 3327 770 3368 x.
799 3308 899 3389 ingen.
921 3315 973 3366 aut
992 3323 1126 3366 aversum
1148 3300 1300 3361 flecterent
1321 3311 1409 3366 bcxz.
1430 3305 1514 3362 cuiue
1535 3304 1604 3363 silla
1624 3305 1770 3366 facundiae

355 3427 384 3468 x.
406 3410 564 3468 sullaeatus
585 3407 774 3476 facundiae.
799 3431 840 3472 m.
861 3432 908 3492 pr.
928 3409 1011 3474 euius
1032 3419 1061 3470 et
1080 3431 1097 3469 e
1115 3429 1181 3489 sup.
1204 3404 1315 3473 1in.·'-
1330 3407 1367 3468 de
1388 3429 1469 3468 mou.
1490 3429 1551 3472 cre.
1575 3431 1635 3470 neu
1656 3421 1685 3471 te
1706 3413 1770 3492 pri-

357 3535 440 3574 mum
463 3534 529 3594 sup.
553 3516 597 3576 lin
626 3520 672 3578 vel
693 3517 794 3578 oblim.
814 3519 961 3597 dempsere
977 3543 1005 3582 2.
1028 3535 1070 3575 m.
1091 3534 1138 3596 pr.
1159 3515 1289 3573 demeres
1309 3536 1374 3595 sup.
1396 3516 1449 3574 lin.
1463 3542 1491 3578 z.
1512 3526 1543 3575 et
1562 3517 1661 3576 illum.
1682 3526 1770 3596 atque

356 3638 420 3700 cup.
442 3622 495 3683 lin.
516 3618 554 3680 lt
574 3619 633 3681 hoe
649 3650 676 3684 z.
696 3643 714 3682 a
735 3624 888 3702 principio
909 3621 977 3682 tibi.
999 3619 1083 3701 inopi
1101 3640 1166 3700 sup.
1189 3621 1244 3680 lin.
1267 3631 1297 3680 ct
1319 3619 1372 3679 tibi
1390 3621 1510 3702 punctis
1530 3634 1595 3681 not.
1611 3650 1637 3686 z.
1656 3655 1698 3671 -
1718 3633 1770 3684 tu·

355 3726 472 3807 tiusque
492 3728 549 3786 rati
562 3736 634 3791 bez.
652 3748 713 3787 esse
733 3729 789 3787 rati
801 3748 828 3788 x.
851 3729 983 3808 primum
1006 3728 1121 3806 quiab·
1143 3725 1214 3784 dein
1236 3728 1308 3807 quia
1327 3737 1463 3806 parentes
1477 3736 1527 3792 bz.
1550 3729 1688 3808 cuiquam
1710 3727 1770 3788 ho-

354 3834 472 3890 min'um
494 3841 546 3896 bz-
569 3833 752 3912 complacuit
771 3841 804 3896 b.
826 3833 969 3913 placuisse
990 3852 1053 3895 cxz.
1075 3831 1193 3894 dimitte
1214 3853 1260 3898 cz.
1281 3831 1398 3891 dimicti
1419 3853 1447 3891 x.
1469 3813 1559 3894 simul
1580 3852 1636 3913 pro
1655 3833 1767 3896 delicto

355 3955 384 3995 x.
411 3935 572 3994 tutandum
595 3959 612 3995 a
633 3938 729 3996 mario
750 3957 832 3998 arma
854 3937 883 3996 b.
911 3938 993 3996 unde
1013 3936 1186 4018 jugurtham
1208 3937 1238 3996 b.
1268 3937 1412 4020 expulerit
1431 3958 1497 4018 sup.
1518 3940 1574 4000 lin.
1601 3937 1717 4000 Marius
1738 3968 1765 4006 z.

354 4041 460 4102 vastari
481 4057 498 4097 a
520 4042 615 4098 mario
637 4067 664 4103 z.
685 4043 804 4102 -103.-
824 4043 948 4101 feliciter
966 4062 1017 4102 seu
1038 4041 1204 4123 reputando
1219 4045 1300 4103 bcxz.
1325 4039 1435 4120 praeliis
1456 4055 1597 4104 venerant
1610 4065 1671 4110 cxz.
1694 4051 1764 4126 quia

356 4156 385 4204 et
404 4143 479 4204 fides
497 4154 526 4203 et
547 4146 668 4225 ingenie
689 4157 773 4204 erant
786 4144 817 4212 b,
840 4165 874 4205 ac
895 4146 1003 4205 deinde
1024 4147 1071 4206 hc.
1093 4144 1202 4206 deinde
1221 4164 1239 4202 a
1260 4146 1406 4226 plerisque
1426 4151 1460 4207 in
1481 4149 1586 4210 itinere
1607 4152 1713 4233 getulis
1733 4151 1763 4210 b.

354 4249 404 4328 (ln
419 4247 516 4308 chd.
533 4270 560 4307 x.
583 4259 612 4309 et
634 4275 660 4311 z.
681 4250 786 4309 verba:
810 4272 848 4312 ee
867 4250 952 4312 omni
970 4251 1053 4332 copie
1075 4248 1352 4310 necessariorum-
1361 4273 1463 4332 pacem
1482 4256 1590 4334 vellet.)
1611 4257 1765 4335 excipiunt

353 4371 379 4416 c.
395 4372 462 4425 rra,
476 4354 575 4416 media
596 4356 630 4414 in
645 4381 673 4417 z.
693 4355 859 4417 intermissa
874 4359 950 4418 etin
964 4379 992 4418 x.
1015 4359 1052 4436 (c.
1073 4378 1139 4418 rro.
1153 4357 1286 4437 excepto)
1306 4369 1336 4418 et
1349 4377 1366 4418 a
1380 4361 1486 4420 seriore
1503 4379 1594 4419 manu
1615 4360 1762 4443 adscripta
