4282 5390
382 905 461 968 RES
485 905 522 968 P.
542 903 582 966 ll.
603 901 709 967 INDE
728 899 781 962 AB
802 898 923 962 ANNO
943 899 1132 967 nththl
1152 901 1190 969 U.
1211 905 1247 967 C.
1269 903 1414 994 USQUE
1434 903 1488 970 An
1509 900 1623 972 DGXC
1644 905 1729 972 PER

794 1125 797 1134 Ι
871 1028 1016 1094 ANNOS
1036 1031 1243 1102 DIGFSTAE.

350 1359 457 1438 Anni
472 1359 699 1436 DGLXXV
692 1357 717 1434 I
728 1384 761 1432 r.
780 1383 815 1434 u.
828 1379 856 1432 c.
872 1357 1048 1434 Consules
1066 1356 1122 1434 M.
1137 1355 1318 1432 Aornum
1331 1357 1507 1457 Lepidus,
1532 1359 1578 1461 Q.
1597 1361 1763 1440 eratucs

456 1540 462 1546 ·
980 1508 1138 1584 cambo.

432 1689 527 1754 Sulla
540 1689 579 1753 in
593 1693 747 1756 Cumano
761 1689 904 1758 decessit
916 1693 1098 1774 honosque
1111 1690 1144 1756 ei
1156 1709 1178 1754 a
1190 1697 1308 1755 senatu
1316 1696 1367 1756 est
1379 1688 1528 1770 habitus,
1541 1696 1580 1755 ut
1591 1689 1631 1754 in
1642 1711 1764 1779 campo

354 1796 480 1859 Martio
499 1795 713 1881 sepeliretur.
735 1797 810 1866 Lir.
826 1798 915 1884 Epit.
934 1798 1001 1862 XG.
1022 1797 1113 1865 Plut.
1127 1797 1234 1860 Sulla.
1250 1819 1278 1861 c.
1295 1802 1345 1878 37.
1386 1800 1476 1860 Tum
1495 1799 1541 1860 M.
1560 1798 1684 1863 Aemil.
1701 1801 1766 1864 Le-

352 1902 454 1986 pidus
474 1905 548 1972 Cos.
567 1903 629 1985 qui
642 1904 716 1984 jam
736 1914 835 1970 antea
854 1905 994 1990 plebem
1010 1907 1056 1967 ad
1074 1903 1310 1990 recipiendam
1327 1903 1525 1968 libertatem
1545 1904 1764 1990 accendisset,

350 2007 456 2073 Sullae
471 2008 575 2075 funus
588 2009 715 2075 frustra
729 2013 923 2076 disturbare
937 2019 1097 2096 conatus,
1118 2019 1192 2074 acte
1211 2009 1284 2089 ejus
1297 2010 1493 2075 rescindere
1503 2011 1648 2094 paravit.
1671 2010 1764 2073 Plut.

352 2113 470 2194 Pomp.
491 2103 519 2177 c'.
535 2119 583 2182 15.
607 2120 651 2178 16.
672 2117 817 2202 Appiau.
834 2121 869 2180 Β.
894 2116 966 2180 civ.
988 2119 1015 2178 Ι.
1038 2119 1105 2179 105.
1128 2137 1195 2195 1⁰7·
1216 2117 1371 2184 Liv.1.t.
1392 2117 1555 2182 Turbidae
1573 2117 1646 2194 ejus
1665 2135 1767 2196 roga-

353 2215 476 2280 tiones.
500 2220 579 2282 Tac.
599 2223 687 2289 Anu.
716 2223 746 2284 3.
769 2241 819 2303 27.
849 2223 938 2289 Flos.
965 2224 995 2284 3.
1017 2225 1065 2288 23.
1109 2219 1213 2295 Cujus
1239 2213 1370 2279 conatis
1397 2233 1476 2276 cum
1504 2213 1592 2277 alter
1618 2215 1793 2302 Consul,

353 2319 514 2399 catulus,
535 2315 674 2378 obviam
692 2314 773 2388 iret,
796 2313 886 2396 (Cic.
902 2329 966 2395 pro
988 2311 1096 2374 caelio
1114 2333 1142 2374 c.
1163 2329 1211 2392 ²9·
1230 2314 1300 2382 Act.
1322 2314 1360 2376 iu
1377 2317 1473 2380 Verr.
1488 2319 1513 2378 Ι.
1537 2338 1583 2380 ιο.
1604 2320 1642 2382 in
1666 2320 1765 2384 Catil.

352 2421 475 2503 5103)
498 2427 635 2484 senatus
656 2425 827 2499 metuens,
848 2435 893 2479 ne
918 2435 959 2478 ex
977 2413 1102 2476 studiis
1121 2412 1283 2474 civilibus
1304 2431 1433 2476 novum
1455 2416 1589 2484 bellum
1606 2425 1765 2506 oriretur,

277 2561 330 2587 ·..
350 2529 443 2594 Coss.
459 2524 687 2606 jurejurando
706 2518 907 2597 obstrinxit,
930 2518 1035 2581 armis
1050 2517 1142 2580 inter
1159 2535 1194 2580 se
1216 2535 1289 2580 non
1311 2536 1382 2583 esse
1403 2527 1599 2586 certaturos.
1618 2526 1765 2609 Appian.

354 2634 379 2701 l.
406 2633 431 2694 l.
458 2634 626 2696 Praeterea
649 2626 846 2714 provincias
870 2623 988 2690 sortiri
1010 2630 1043 2688 et
1063 2621 1208 2687 decretis
1236 2623 1441 2688 exercitibus
1463 2628 1665 2693 maturrime
1683 2651 1767 2714 pro·

354 2736 461 2801 ficisci
480 2737 576 2816 jussi.
594 2737 715 2800 Salust.
739 2733 781 2798 ir.
802 2736 830 2798 Ι.
856 2751 905 2801 ao.
942 2729 1063 2796 Calido
1082 2728 1201 2813 Italia,
1229 2729 1363 2816 Lepido
1395 2731 1511 2800 Gallia
1538 2737 1766 2822 Transalpino

355 2843 506 2908 obvenit.
517 2843 554 2926 θ)

433 3159 541 3243 )Ita
562 3161 680 3225 statuit
699 3159 969 3242 Freinshemius,
989 3160 1158 3243 supplem.
1182 3158 1255 3222 Lis.
1278 3161 1328 3227 5⁵.
1354 3179 1382 3222 c.
1407 3176 1454 3228 rr.
1473 3167 1629 3239 secutus,
1650 3164 1766 3245 credo,

255 3271 267 3280 '
351 3265 553 3386 Appianum
575 3274 769 3348 auctorem,
797 3267 890 3349 apud
911 3284 1016 3346 quem
1037 3273 1101 3329 est·
1127 3269 1194 3349 κλη
1194 3248 1436 3363 parvipensis*
1455 3250 1648 3348 diutior
1609 3293 1663 3353 την
1680 3252 1766 3346 ὑπὲρ

351 3349 679 3446 Adwsrcucrlou
700 3385 827 3449 Contra
836 3404 991 3472 pugnare
1006 3384 1145 3449 videtur
1157 3387 1379 3472 Plutarchus,
1400 3388 1517 3470 quiV.
1518 3392 1649 3514 Pomp
1667 3410 1694 3454 c.
1714 3391 1762 3455 ι6.

358 3488 559 3572 Pompejum
577 3498 696 3616 coptra
717 3492 886 3577 Lepidum
900 3494 1022 3557 ducem
1037 3492 1182 3557 electum
1199 3513 1271 3558 csse
1290 3501 1424 3580 narrat,
1445 3479 1497 3580 rsit
1516 3476 1600 3574 irruo
1612 3479 1767 3565 Αλπεων

358 3595 528 3671 reuectus
546 3580 736 3694 scripura
754 3588 809 3668 dui
829 3581 956 3693 Bpivrco
975 3581 1190 3698 ςρατεῦμιτι.
1231 3620 1349 3700 Neque
1374 3626 1487 3680 tamen
1514 3618 1604 3678 hanc
1627 3613 1662 3673 ei
1687 3633 1768 3694 pro-

358 3715 508 3779 vinciam
527 3721 695 3782 decretam
712 3718 817 3783 fuisse
834 3719 1031 3801 confirmat3
1052 3720 1090 3784 id
1107 3724 1202 3803 qnod
1211 3721 1286 3801 jam
1305 3743 1346 3787 eo
1367 3741 1491 3809 parum
1508 3727 1557 3782 est
1574 3717 1767 3802 probabile,

359 3826 453 3906 quod
466 3825 635 3907 Lepidus,
654 3823 693 3886 in
712 3824 793 3906 ipsis
812 3826 921 3889 Italiae
939 3826 1069 3888 finibus
1088 3829 1278 3891 Proconsul
1293 3850 1372 3890 cum
1393 3825 1540 3884 exercitu
1552 3823 1767 3906 constitutus,

358 3927 446 3992 belli
472 3929 584 3993 civilis
614 3927 778 4012 reliquias
799 3926 937 3990 facilius
962 3929 1108 3991 excitare
1140 3925 1264 4010 potuit.
1307 3925 1458 3988 Alteram
1486 3925 1702 4009 provinciam
1727 3927 1767 3990 in

358 4044 485 4100 sortem
495 4035 683 4116 conjectam
700 4033 836 4097 Italiam
849 4031 971 4117 fuisse,
992 4030 1138 4118 Pighius
1163 4038 1254 4095 recte
1275 4019 1422 4095 statuere
1443 4030 1599 4111 videtur3
1621 4034 1716 4114 quod
1733 4039 1768 4096 ct

360 4141 502 4223 relique
516 4141 702 4225 provinciae
719 4140 798 4203 aliis
811 4142 955 4204 dccretae
967 4146 1080 4220 erant,
1101 4145 1135 4202 et
1151 4137 1301 4200 Sullana³
1315 4133 1480 4212 factionis
1491 4139 1575 4219 dux,
1597 4144 1667 4198 tam
1688 4154 1767 4217 per·

361 4249 497 4310 turbata
516 4247 709 4332 republica,
731 4248 773 4307 ab
792 4246 894 4308 Italia
911 4244 1032 4329 procul
1046 4245 1162 4305 abesse
1181 4251 1257 4303 non·
1276 4241 1400 4326 potuit.
1421 4244 1579 4305 Ceterum
1595 4245 1639 4304 de
1657 4236 1768 4318 causis

360 4352 447 4419 belli
467 4375 488 4420 a
509 4354 639 4437 Lepido
659 4351 798 4419 excitati
818 4349 877 4416 cir.
896 4351 1026 4434 Ampel.
1055 4347 1130 4411 Lib.
1150 4347 1253 4412 Mem.
1277 4369 1305 4411 e.
1328 4364 1395 4424 tou
1417 4346 1607 4410 secundum
1632 4339 1765 4402 bellurn

700 4457 708 4466 “
886 4451 888 4460 ’
1440 4456 1466 4502 ιι
