4282 5390
410 477 461 554 56

358 707 364 716 ·
414 678 524 742 Varro
532 677 593 740 ΠΙ.
606 677 648 740 R.
659 677 701 740 R.
712 696 739 739 c.
751 689 790 753 43
803 673 841 737 in
846 665 1156 757 post-principim
1178 668 1261 733 talia
1271 667 1411 732 Plautus
1424 666 1565 751 aliique.
1580 667 1671 733 Plin.
1678 671 1753 737 v11.
1767 671 1825 751 553
1886 629 1898 717 Ι·

290 780 293 790 '
414 782 602 867 «duplicat
612 780 748 863 obitus,
768 773 805 840 si
809 777 937 840 dolore
947 774 1057 841 etiam
1063 784 1154 861 post
1160 771 1296 866 futuri
1304 769 1550 842 aestimatione
1564 772 1697 852 evenit,
1717 776 1826 839 multa

413 907 495 952 vero
525 907 546 948 a
576 885 682 949 verbo
707 900 778 944 esse
806 881 891 944 talia
911 883 1102 967 composita
1124 885 1259 945 dantur.
1280 881 1350 945 Cat.
1382 902 1410 944 c.
1431 886 1487 960 233
1505 887 1594 963 post
1624 899 1697 946 esse
1723 901 1752 942 e.
1775 884 1825 943 53.
1856 925 1859 928 -

413 998 493 1054 ante
517 1009 588 1052 esse
608 991 635 1049 I.
660 989 704 1048 de
727 987 812 1070 Rep.
835 987 918 1049 Ord.
940 1007 1028 1054 mou
1038 982 1220 1075 saturum
1239 988 1388 1073 malurn.
1411 979 1828 1077 Horatius,postgeniti

415 1089 548 1156 Paulus
563 1095 671 1172 Ictus3
697 1100 775 1175 post
795 1089 939 1154 factum:
960 1092 1100 1156 Nemini
1123 1092 1229 1156 etiam
1255 1090 1414 1154 inaudita
1443 1101 1700 1178 nupennugoe,
1722 1085 1827 1153 olim»

415 1217 587 1286 magnus,
610 1203 827 1263 ante-coma:
850 1197 932 1261 vide
950 1199 1109 1265 Vecbner
1133 1199 1161 1259 Ι.
1184 1197 1424 1260 Hellenolex.»
1459 1197 1573 1259 Corte.
1603 1196 1761 1260 Ceterum
1783 1198 1829 1258 de

411 1322 539 1389 genere
565 1303 816 1387 suppliciorum
839 1301 899 1368 cfr.
922 1312 1048 1389 praeter
1072 1304 1150 1367 loca
1169 1304 1214 1364 ad
1235 1300 1336 1364 Catil.
1360 1303 1411 1380 37.
1439 1285 1592 1374 laudata,
1612 1299 1736 1378 Vellej.
1754 1302 1827 1361 Pat.

412 1410 455 1470 11.
476 1410 533 1488 283
552 1407 744 1488 ,adjectum
766 1409 869 1473 etiam
892 1418 932 1491 ut
951 1411 1045 1472 bona
1071 1408 1346 1493 proscriptorum
1366 1403 1543 1486 venirent,
1564 1403 1743 1484 exlusique
1761 1422 1827 1496 pa-
1870 1455 1877 1466 .

411 1513 527 1578 ternis.
548 1513 673 1597 opibus
703 1513 823 1595 liberi,
847 1511 952 1576 etiem
976 1515 1204 1597 petendorum
1234 1513 1410 1574 honorum
1437 1510 1517 1586 jure
1540 1503 1827 1592 prohiberentur,

412 1626 466 1704 et,
487 1620 582 1702 quod
594 1617 878 1702 indignissimum
899 1626 966 1702 est,
988 1625 1186 1684 senatorum
1203 1615 1273 1679 filii
1286 1622 1321 1679 et
1334 1633 1440 1678 onera
1457 1612 1591 1678 ordinis
1611 1613 1827 1698 sustinerent,

413 1732 447 1789 et
466 1724 545 1802 jura
565 1727 782 1807 perderem.»
800 1724 929 1789 Seneca
949 1727 993 1789 dc
1018 1722 1071 1789 ira
1087 1725 1131 1785 II.
1151 1727 1209 1801 343
1230 1721 1352 1785 adhuc
1375 1725 1478 1806 tutus
1501 1713 1597 1806 suit.
1616 1713 1723 1808 furit
1749 1737 1828 1801 pes-
1924 1746 1929 1760 ¹

312 1901 314 1906 ,
412 1828 502 1894 sima
523 1829 691 1892 editorum
713 1830 931 1910 conjectura,
952 1829 992 1893 in
1007 1829 1109 1894 libris
1129 1822 1289 1915 estfuit,
1313 1828 1408 1908 quod
1429 1823 1533 1888 unice
1555 1843 1685 1888 verum.
1706 1824 1826 1888 Carrio

411 1932 598 1998 lectionem
609 1929 735 2024 fuerit
755 1936 891 2014 laudat3
913 1936 1094 2023 agendum
1116 1942 1229 2016 atque
1252 1928 1391 1997 obviam
1404 1909 1575 1996 cendunt*
1583 1937 1646 1994 est.
1672 1928 1733 1997 cir.
1752 1930 1828 1992 Lir.

415 2038 519 2104 XXII.
544 2058 597 2118 143
617 2043 778 2104 audendo
799 2050 901 2123 atque
919 2044 1054 2126 agendo
1079 2059 1133 2104 res
1150 2041 1308 2102 Romana
1327 2029 1451 2115 crevit,
1473 2036 1602 2100 ibide.
1621 2038 1676 2115 533
1697 2037 1829 2100 auden·

413 2148 498 2210 dum
518 2154 623 2227 atque
638 2151 811 2230 agendum
825 2167 898 2208 non
915 2147 1178 2209 consultandum
1192 2143 1228 2207 in
1244 2151 1340 2207 tanto
1359 2143 1452 2207 malo
1473 2161 1564 2221 esse3
1586 2141 1728 2204 obviam
1743 2161 1829 2204 eun*-

414 2251 518 2335 dum,
539 2252 647 2315 dictio
666 2271 688 2314 a
710 2270 748 2314 re
772 2249 918 2346 mititari
940 2249 1066 2334 petita,
1086 2267 1159 2310 non
1178 2248 1292 2310 solum
1314 2254 1364 2310 est
1381 2247 1555 2318 resistere,
1576 2246 1637 2308 sed
1655 2244 1747 2308 ultro
1765 2248 1829 2309 ho-

413 2357 460 2420 sti
478 2357 612 2422 bellum
634 2356 782 2436 inferre3
809 2353 930 2438 spolia
952 2363 1087 2426 vestra,
1107 2343 1400 2433 plurimainsufit
1419 2350 1503 2411 huic
1530 2349 1682 2413 orationi
1697 2349 1828 2421 milita-

414 2461 468 2525 ria
488 2463 598 2547 dicta,
619 2463 715 2543 quasi
728 2461 880 2536 Lepidus
898 2455 1040 2509 insitam
1058 2451 1170 2506 animi
1186 2450 1362 2527 ignaviam
1382 2451 1569 2508 verborum
1578 2451 1746 2525 jactantia
1759 2455 1830 2520 dis·

378 2555 383 2560 ’
414 2566 579 2632 simulare
593 2556 745 2622 voluerit
752 2580 762 2630 ς
781 2571 891 2635 penes
906 2546 1009 2634 illos,
1027 2549 1102 2614 haeo
1120 2547 1292 2610 librorum
1311 2547 1433 2633 lectio,
1454 2569 1558 2630 quam
1578 2553 1730 2620 editores
1751 2577 1828 2620 cor-

414 2671 585 2747 ruperunt
596 2669 631 2725 et
652 2657 757 2722 illum
777 2659 1026 2738 emendarunt,
1047 2652 1174 2731 nescii,
1193 2652 1367 2720 nobilium
1389 2673 1527 2720 causam
1547 2666 1582 2720 et
1595 2658 1701 2726 Sullae
1716 2664 1845 2726 domi--

415 2769 594 2834 nationem
619 2765 744 2848 saepius
763 2784 785 2828 a
805 2762 940 2848 Lepido
968 2781 1076 2824 unam
1104 2763 1318 2844 eandemque
1348 2759 1434 2842 dici;
1460 2769 1494 2826 et
1522 2781 1602 2830 vere
1621 2763 1705 2841 fuit3
1731 2763 1829 2831 cotis

412 2873 587 2957 paranda
608 2861 755 2934 auxilia
774 2867 835 2931 cfr.
856 2867 956 2929 Catil.
988 2890 1015 2930 c.
1043 2867 1093 2930 δι.
1113 2862 1264 2930 taedium
1273 2863 1358 2960 jam
1377 2874 1446 2930 aut
1463 2869 1732 2950 pudorem-tam
1754 2872 1828 2937 haec

419 2980 545 3062 rerba,
567 2994 672 3058 quam
699 2973 816 3058 ipsum
849 2971 1018 3038 orationis
1043 2971 1187 3037 initium
1214 2993 1255 3039 eo
1285 2971 1461 3057 pertinere
1481 2972 1636 3056 videtur,
1665 2982 1721 3058 ut,
1751 2997 1829 3057 quae

418 3101 536 3166 spese
559 3079 739 3145 nonnullis
764 3076 947 3144 defuturo
967 3080 1013 3148 oh
1041 3079 1233 3142 abdicatam
1256 3077 1464 3142 dictaturam
1488 3086 1661 3162 concepta
1682 3077 1830 3165 fuerant,

418 3205 523 3282 vanas
553 3193 588 3250 et
613 3183 729 3248 irritas
752 3202 825 3248 esse
853 3186 1017 3266 doceant,
1044 3181 1083 3245 id
1107 3186 1203 3262 quod
1230 3183 1380 3249 maxime
1399 3181 1578 3265 sequentia
1606 3183 1828 3250 confirmant:
1854 3241 1858 3258 ,

420 3299 456 3356 et
479 3311 560 3357 eum
572 3312 644 3375 per
659 3292 778 3353 scelus
798 3296 982 3371 occupata
999 3282 1248 3370 periculosius
1269 3284 1522 3371 dimissurum,
1538 3289 1606 3356 ¹ubi
1623 3310 1698 3354 non
1720 3291 1831 3355 dicta-
1935 3316 1941 3335 ¹
1977 3270 1982 3281 ⁸

420 3404 499 3461 tura
511 3398 573 3460 sed
586 3414 719 3459 summa
725 3436 736 3469 ,
756 3412 862 3474 quam
876 3411 940 3476 per
960 3389 1149 3466 factionem
1162 3391 1345 3486 pobilium
1367 3392 1531 3475 obtinuit,
1551 3395 1709 3475 potentia
1723 3395 1830 3459 intel·
1871 3391 1875 3397 ’

419 3501 564 3587 ligenda
584 3509 649 3577 est3
680 3494 1181 3582 dimissurum-principatum
1213 3493 1274 3559 cfr.
1295 3494 1417 3571 Vellej.
1441 3512 1470 3557 a.
1491 3495 1545 3573 523
1578 3495 1660 3563 ces.
1682 3500 1718 3563 Β.
1737 3499 1827 3561 Gali.
1938 3584 1940 3588 .

421 3610 450 3670 6.
469 3623 499 3682 4.
519 3611 633 3690 Nepos
647 3604 775 3688 Timol.
795 3627 824 3666 2.
846 3598 956 3671 Nihil
971 3598 1177 3692 glorrbsum
1199 3595 1275 3663 nisi
1292 3603 1568 3662 tutum.tutum
1593 3599 1704 3666 active
1721 3601 1829 3668 inter·

421 3719 574 3795 pretatus
595 3717 645 3774 est
661 3702 812 3791 Curtius,
831 3728 896 3792 pro
919 3726 961 3772 eo
983 3710 1079 3789 quod
1098 3711 1233 3769 tueatur
1258 3701 1549 3782 dominationem
1581 3703 1688 3787 idque
1707 3708 1829 3792 saepius

422 3815 502 3884 fieri
515 3813 615 3879 docet
622 3857 640 3912 ,·
654 3801 694 3876 ut
713 3811 919 3893 adjectivum
930 3821 964 3876 et
978 3813 1124 3876 activam
1145 3817 1179 3875 et
1192 3805 1361 3893 passivam
1380 3805 1670 3892 significationem
1682 3813 1828 3900 habeat,

422 3921 484 3984 cfr.
498 3920 578 3984 loca
591 3919 634 3980 ab
654 3937 691 3982 eo
705 3918 856 3980 laudata.
873 3920 1000 3981 Donat.
1018 3920 1063 3980 ad
1074 3913 1151 3980 Ter.
1168 3911 1336 3980 Andriam
1345 3927 1376 3987 4.
1394 3937 1422 3976 ι.
1442 3919 1492 3976 23.
1509 3915 1589 3979 Tac.
1603 3919 1727 3983 AnnaL
1745 3940 1772 3981 ι.
1792 3941 1828 4000 73

380 4027 383 4032 '
423 4023 536 4092 Plaut.
556 4023 657 4083 Bach.
669 4027 706 4083 θ.
729 4026 759 4084 6.
773 4037 809 4100 43
831 4019 931 4086 Catii·
953 4021 982 4082 5.
1002 4039 1050 4081 ro.
1074 4016 1422 4101 et16.39;Jug.39;
1442 4018 1572 4081 Phaedr.
1590 4041 1639 4081 ιι.
1662 4041 1679 4084 2
1685 4047 1697 4098 ς
1717 4024 1828 4088 Plaut.

424 4127 548 4191 Pseud.
559 4139 589 4198 4.
600 4139 629 4185 a.
641 4126 699 4202 393
717 4126 862 4190 -Rudens
875 4147 902 4194 1.
914 4128 944 4190 t.
959 4145 1015 4204 ¹173
1035 4123 1099 4186 ubi
1117 4118 1284 4210 ignotus,
1301 4128 1430 4204 notus,
1442 4117 1641 4214 profusus,
1662 4121 1828 4214 inflatus,

426 4228 614 4309 innoxius,
637 4224 790 4316 ignarus
808 4231 858 4294 ita
880 4235 1104 4314 usurpantur,
1124 4225 1352 4290 nihilominus
1372 4226 1446 4291 haec
1469 4227 1677 4312 significatio
1695 4231 1739 4294 ab
1760 4227 1828 4298 hoc

427 4338 506 4420 ioco
534 4334 666 4416 aliena3
698 4334 770 4414 imo
793 4335 930 4410 etiamsi
948 4333 1030 4405 satis
1050 4339 1143 4400 certe
1164 4340 1268 4412 esset,
1288 4334 1388 4414 nulla
1403 4335 1455 4404 vis
1479 4336 1655 4405 sententie
1677 4337 1826 4407 additur.
