4334 5354
378 401 453 471 310

378 592 412 652 el
429 587 511 652 vide
527 585 657 650 similia
681 587 773 666 apud
793 582 967 660 Tacitum
986 579 1167 646 Werniclre
1188 585 1232 647 de
1250 584 1343 648 Eloc.
1367 587 1446 648 Tae.
1468 609 1501 670 p.
1517 592 1578 665 ³t··
1618 590 1660 650 ln
1680 587 1781 656 tertia

376 692 502 756 declin.
529 689 719 771 plurimum
747 687 855 751 turbae
885 695 1001 751 movet
1024 707 1133 752 accus.
1156 691 1246 772 plur.
1270 689 1308 752 in
1336 687 1560 774 isdesinens‚
1581 713 1687 773 quam
1708 695 1781 760 for-

376 819 468 860 mam
497 796 590 877 apud
614 790 799 855 Salustium
823 790 1138 872 frequentissimam
1168 814 1235 858 esse
1262 796 1420 858 omnium
1448 797 1555 858 Codd.
1584 797 1780 864 testimonia
1794 851 1808 864 .

377 897 610 983 comprobant.
652 897 718 958 Sed
742 893 782 956 iu
806 897 905 959 nulla
928 917 966 960 re
996 897 1106 975 major
1130 899 1302 962 librorum
1330 903 1408 962 Mss.
1436 901 1682 986 discrepantia3
1712 904 1788 987 ipsi¹

376 1005 470 1070 enim
489 1000 613 1085 optimi
630 1002 737 1067 Codd.
750 1000 819 1064 sibi
833 1021 910 1063 non
922 1010 1093 1080 constant,
1115 1023 1227 1084 neque
1242 1023 1375 1088 semper
1395 1009 1537 1070 eandem
1556 1009 1708 1086 ejusdem
1719 1028 1788 1080 vo-‚

376 1109 424 1176 cis
448 1106 727 1173 terminationem
754 1114 900 1170 tuentur.
941 1105 1047 1168 Initio
1075 1107 1233 1169 enimin
1260 1108 1423 1172 omnihus
1443 1110 1515 1174 fere
1543 1112 1644 1174 libris
1668 1114 1783 1179 rarior

306 1289 310 1296 Ι
377 1222 427 1278 ast
444 1217 517 1278 haec
544 1209 759 1294 terminatio,
785 1213 845 1274 sed
868 1210 907 1272 in
927 1210 997 1274 fine
1018 1210 1259 1292 frequentior..
1281 1217 1396 1298 Quare
1416 1235 1457 1278 ex
1480 1216 1564 1280 solis
1585 1221 1663 1284 Mss.
1682 1222 1778 1284 baud

375 1317 478 1383 facile
503 1327 594 1381 recte
621 1314 795 1378 scribendi
824 1333 981 1378 normam
1007 1315 1183 1399 invenias,
1201 1319 1260 1380 sed
1288 1319 1597 1384 Grammaticorum
1621 1324 1781 1406 antiquo«

377 1447 454 1488 rum
481 1421 677 1486 testimonia
703 1424 864 1484 accedant
889 1439 1023 1484 necesse
1052 1431 1110 1484 est
1150 1422 1218 1484 Sed
1239 1423 1312 1484 baec
1337 1443 1474 1505 quoque
1492 1427 1679 1511 accuratius
1699 1447 1784 1492 exa·

377 1529 552 1592 minanda.
593 1524 749 1588 Ridiculi
777 1522 872 1587 enim
901 1533 980 1587 sunt
1001 1526 1138 1588 Servius
1164 1529 1208 1588 ad
1231 1530 1316 1598 Aen,
1337 1531 1364 1589 l.
1391 1546 1456 1591 ιη.
1478 1539 1510 1592 et
1527 1533 1615 1602 Don.
1632 1554 1666 1614 p.
1690 1537 1778 1612 175⁰·

379 1634 440 1715 qui
459 1629 615 1694 omnium
631 1649 771 1712 vocum⁷
790 1651 865 1710 quae
888 1651 964 1715 gen.
978 1631 1066 1712 plur.
1085 1626 1162 1692 ium
1180 1631 1327 1714 faciunt,
1348 1652 1452 1694 accus.
1473 1631 1504 1696 is
1520 1635 1625 1698 scribi
1646 1638 1778 1701 volunt.

379 1743 497 1818 Neque
518 1747 630 1800 tamen
647 1734 785 1798 defuere
805 1744 920 1796 nostra
938 1739 1050 1812 aetate,
1072 1735 1133 1815 qui
1151 1744 1220 1798 tam
1240 1736 1369 1799 insulsa
1388 1749 1558 1821 praecepta
1575 1749 1777 1822 repeterent.

378 1845 420 1928 In
441 1840 601 1924 plurimis
618 1839 712 1902 enim
733 1859 805 1900 non
826 1839 869 1898 ab
890 1837 1043 1922 genitivo
1069 1839 1109 1900 in
1130 1859 1197 1902 acc.
1224 1843 1284 1902 scd
1303 1843 1345 1902 ab
1365 1862 1433 1904 acc.
1453 1842 1490 1904 in
1507 1844 1699 1928 genitivum
1717 1865 1780 1909 va-

379 1951 428 2012 let
451 1945 703 2024 consequentia.
728 1942 788 2009 cfr.
809 1943 938 2004 Charis.
957 1945 1006 2004 28.
1023 1960 1072 2022 ²9·
1093 1943 1246 2006 Priscian
1265 1948 1334 2028 776.
1363 1947 1555 2010 Accuratius
1571 1935 1675 2031 Asper
1691 1970 1782 2032 prta--

382 2053 481 2136 cipit,
495 2051 588 2112 idem
606 2047 667 2129 qui
683 2046 954 2110 Commentarios
968 2047 1006 2110 in
1019 2047 1204 2110 Salustium
1218 2048 1433 2133 conscripsit,
1453 2071 1506 2134 ap.
1521 2052 1650 2123 Charis.
1661 2075 1694 2136 p.
1711 2058 1778 2115 ml.

380 2156 429 2232 «si
453 2155 622 2240 genitivus
645 2153 735 2235 plur.
762 2152 910 2216 litteram
935 2152 949 2214 i
970 2159 1088 2213 natura
1111 2153 1277 2234 retineat,
1292 2155 1437 2218 eandem
1460 2155 1498 2218 in
1523 2175 1590 2217 acc.
1606 2158 1696 2239 plur.
1710 2177 1783 2222 csse

379 2262 628 2328 retinendam.»
647 2258 714 2320 Sed
737 2260 809 2320 haec
830 2279 968 2339 quoque
985 2278 1107 2341 parum
1124 2267 1225 2322 certa.
1246 2262 1320 2322 Imo
1339 2279 1380 2322 ex
1401 2259 1423 2320 l.
1437 2259 1461 2320 l.
1477 2261 1669 2344 perspicere
1682 2263 1782 2344 licet,

381 2367 527 2430 maxime
547 2368 590 2426 ad
617 2363 753 2428 aurium
769 2362 941 2440 judicium
963 2363 1076 2445 ipsum
1098 2364 1285 2426 Salustium
1310 2366 1383 2428 haec
1404 2369 1654 2448 conformasse,
1673 2367 1724 2428 ita
1741 2376 1783 2428 ut.

381 2482 473 2537 recte
493 2470 617 2533 dixisse
632 2470 789 2531 videatur
809 2468 1000 2531 Cosscntius
1019 2491 1051 2550 p.
1069 2469 1157 2538 2040.
1197 2469 1284 2540 «Sed
1302 2468 1341 2530 in
1360 2472 1426 2532 hoc
1448 2491 1586 2552 quoque
1606 2477 1781 2553 sequenda

382 2577 557 2659 euphonia
578 2582 627 2638 est
634 2600 643 2649 ;
663 2575 827 2657 pleraque
849 2575 943 2638 enim
960 2593 1006 2636 ex,
1019 2569 1179 2634 omnibus
1203 2572 1278 2634 istis
1297 2575 1425 2657 regulis
1441 2575 1688 2640 consuetudine
1707 2597 1780 2640 eer-

382 2682 496 2744 nimus
515 2688 666 2740 mutata»
686 2697 837 2757 quocum
852 2677 934 2738 facit
955 2679 985 2736 J.
1002 2675 1158 2749 Vossius,
1181 2675 1243 2754 qui
1265 2679 1307 2737 de
1331 2680 1367 2737 A.
1390 2679 1447 2738 Gr.
1469 2679 1546 2742 Lib.
1566 2659 1611 2747 v.
1628 2702 1655 2742 c.
1681 2685 1727 2744 16.
1745 2704 1779 2764 p.

382 2789 452 2859 24⁰·
479 2785 527 2847 ita
552 2788 594 2846 de
614 2786 678 2846 hac
699 2801 735 2844 re
756 2778 926 2862 praecipitt
956 2773 1137 2849 «nimirum
1158 2775 1313 2836 'existimo
1337 2788 1467 2840 veteres
1488 2785 1680 2845 adtendisse
1702 2786 1781 2847 soni

377 2891 644 2971 jucunditatem,
674 2897 708 2949 et
735 2906 791 2959 es,
807 2879 856 2944 eis
870 2881 926 2942 vel
944 2879 975 2942 is
989 2877 1146 2940 dixisse.»
1166 2880 1260 2958 quod
1276 2899 1353 2939 cum
1366 2878 1405 2940 in
1416 2881 1535 2944 ceteris
1554 2882 1779 2966 scriptoribus

379 2996 560 3079 probabile
581 2995 640 3073 sit,
663 3001 733 3053 tum
760 2986 907 3048 maxime
932 2985 970 3045 in
990 2983 1173 3046 Salustium
1200 2986 1364 3063 quadrat,
1388 2985 1449 3064 qni
1479 2984 1518 3048 in
1548 2987 1704 3052 oratione
1733 2991 1777 3056 li-

381 3102 507 3160 manda
526 3105 627 3172 atque
649 3091 854 3173 expolienda
873 3088 1114 3154 subtilissimus
1132 3088 1273 3151 dicendi
1296 3087 1419 3153 artifex
1438 3089 1515 3164 fuit,
1550 3093 1652 3154 Haud
1673 3095 1779 3162 dubie¹
1818 3161 1822 3166 ,

382 3201 474 3264 enim
495 3197 616 3277 initio,
647 3217 724 3258 cum
747 3195 785 3258 in
810 3216 876 3259 acc.
898 3196 988 3278 plur.
1013 3193 1366 3276 ipsepronunciandi
1387 3214 1490 3258 sonus
1511 3203 1595 3260 esset
1614 3196 1780 3288 incertus²

381 3315 414 3368 et
435 3304 526 3365 inter
550 3325 568 3364 e
588 3312 620 3364 et
640 3300 664 3366 i'·
675 3306 867 3375 fluctuaret,
892 3298 1150 3363 terminationes
1174 3321 1224 3381 es,
1254 3298 1305 3381 is,
1332 3296 1400 3376 eis,
1421 3300 1615 3382 promiscue
1635 3322 1780 3387 usurpa·
1810 3383 1813 3390 ,

381 3411 526 3489 bantur,
547 3407 607 3468 cfr.
627 3408 758 3468 Colum.
779 3405 873 3468 Duil.
893 3414 926 3468 et
943 3404 1050 3466 Noris.
1073 3405 1258 3486 Cenotaph.
1275 3403 1340 3466 Pis.
1366 3423 1442 3484 quae
1459 3406 1585 3487 duplex
1605 3408 1780 3474 scribendi
1833 3410 1837 3414 ’

381 3515 471 3578 ratio
498 3514 552 3576 vel
570 3513 743 3576 Ciceronis
770 3522 866 3575 aetate
887 3512 978 3592 apud
999 3509 1179 3590 scriptores
1195 3527 1317 3590 parum
1335 3508 1518 3592 diligentes
1536 3511 1658 3574 usitata
1675 3512 1779 3580 fuisse

383 3613 530 3681 videtur.
550 3617 608 3680 cfr.
633 3620 742 3683 Varro
764 3619 802 3680 L.
828 3619 866 3678 L.
889 3618 960 3681 VII.
983 3619 1034 3692 37.
1056 3613 1183 3679 Charis.
1203 3635 1237 3695 p.
1256 3627 1332 3696 krol.
1353 3633 1377 3674 s.
1401 3634 1439 3676 v.
1441 3609 1624 3702 feroceis,
1634 3613 1779 3703 ferren-

384 3719 488 3788 tium.
507 3726 657 3786 Goerenz.
675 3721 771 3784 Praef.
789 3724 832 3782 ad
858 3721 927 3782 Cic.
948 3723 991 3781 de
1011 3723 1114 3802 Legg.
1133 3741 1166 3800 p.
1188 3719 1243 3779 XI.
1262 3726 1379 3799 postea
1399 3716 1437 3780 in
1461 3719 1680 3796 nominibus,
1700 3743 1777 3804 quaa

328 3837 332 3844 '
383 3829 635 3890 nominativum
655 3837 687 3886 ct
702 3824 896 3910 genitivum.
907 3823 1037 3886 similes
1056 3822 1203 3907 faciunt,
1222 3830 1385 3905 praeterea
1397 3823 1436 3885 in
1450 3809 1554 3888 subst.
1569 3835 1602 3892 et
1616 3826 1774 3926 particip.

383 3931 421 3992 in
458 3951 501 3992 ns
538 3940 572 3990 et
610 3952 648 3992 rs
682 3939 715 3992 ct
750 3928 867 4005 adject.
899 3926 937 3988 in
973 3948 1031 4000 er,
1066 3925 1269 3990 terminatio.
1302 3926 1340 3988 in
1379 3927 1410 3990 is
1441 3928 1655 4010 frequentior
1678 3931 1775 3999 facta.

384 4032 593 4098 cluCharis.
616 4055 650 4114 p.
678 4033 727 4095 aa.
750 4034 799 4108 69.
822 4051 889 4091 111.
913 4049 940 4100 S.
961 4027 1186 4108 v.,monteis;
1209 4030 1311 4098 Prisc.
1335 4037 1485 4113 7744-76.
1502 4035 1620 4118 paucis
1639 4037 1775 4104 vocibus
1795 4022 1798 4030 ¹

384 4138 546 4222 exceptis,
567 4135 751 4217 dequibus
767 4134 847 4196 vide
863 4132 992 4200 Charis.
1014 4156 1047 4216 p.
1063 4136 1111 4194 68.
1137 4151 1203 4211 ¹⁰4·
1224 4156 1250 4198 s.
1268 4159 1298 4198 v.
1309 4130 1470 4226 fontem,
1480 4134 1614 4227 funem
1632 4139 1670 4201 in
1689 4148 1776 4203 cete-

383 4244 454 4327 ris„
468 4239 623 4325 quamvis
646 4240 836 4326 genitivum
859 4239 1028 4324 pluralem
1044 4238 1082 4304 in
1102 4235 1176 4306 ium
1197 4241 1436 4326 terminarent,
1456 4243 1497 4338 in
1516 4242 1707 4318 accusativo.
1726 4245 1775 4328 pl.
