4282 5390
1710 447 1755 526 25

347 695 451 769 Anni
474 694 722 769 DCLXXXI.
749 697 793 769 P.
822 695 866 772 U.
895 697 933 772 C.
961 697 1136 772 Consules
1166 636 1231 770 M.
1249 696 1437 772 Terentius
1470 698 1524 773 M.
1548 700 1591 772 F.
1627 701 1753 785 Varro

643 889 645 908 ,
688 821 880 911 Lucullus,
907 822 944 897 C.
962 823 1120 898 Cassius
1144 820 1182 892 L.
1207 821 1249 894 F.
1277 821 1410 896 Varus.

429 1013 505 1078 Hoc
520 1034 613 1098 anno
633 1035 723 1082 cum,
737 1015 888 1081 Sertorio
910 1017 1122 1082 debellatum
1144 1024 1204 1080 est.
1227 1016 1295 1100 Qui
1316 1016 1528 1104 proscriptos
1547 1017 1756 1101 suspiciens,

349 1134 425 1182 cum
441 1120 520 1203 plus
538 1111 702 1204 Hispanis
720 1122 907 1200 tribueret,
926 1127 1164 1186 Romanorum
1187 1121 1321 1186 animos
1344 1142 1364 1185 a
1384 1142 1420 1186 se
1434 1121 1652 1187 abalienavit.
1673 1124 1757 1184 Pro·

347 1224 466 1308 scripti
491 1223 615 1310 igitur,
647 1227 761 1310 siqui
783 1227 875 1312 parti
898 1228 1065 1292 exercitus
1090 1236 1277 1311 praeerant,
1298 1225 1409 1291 socios
1433 1228 1588 1290 vexando
1610 1233 1645 1289 et
1666 1226 1755 1288 diri·

346 1329 493 1412 pianda,
514 1351 675 1416 magnam
700 1332 856 1421 Sertorio
880 1341 1122 1397 contraxerunt
1145 1331 1328 1412 invidiam,
1358 1331 1555 1412 multosque
1580 1333 1625 1393 ad
1649 1329 1761 1395 defec-

348 1433 734 1518 tionemperpulerunt.
756 1439 887 1521 Quare
911 1439 940 1502 is
960 1440 1195 1518 exacerbatus,
1216 1455 1342 1519 pueros
1369 1435 1507 1501 obsides
1523 1436 1758 1520 Hispanorum

271 1567 273 1572 ·
346 1539 575 1623 populorum,
604 1560 691 1621 quos
712 1543 807 1606 Oscae
834 1544 1065 1608 instituendos
1086 1551 1277 1625 curaverat,
1298 1549 1358 1604 aut
1385 1539 1578 1626 interfecit,
1607 1546 1670 1611 aut
1695 1538 1758 1612 sub

346 1779 422 1841 Lib.
450 1782 534 1844 XVI.
560 1803 594 1865 p.
619 1787 689 1844 302.
707 1783 771 1875 ubi
797 1803 838 1847 ex
866 1783 1068 1868 fragmentis
1087 1783 1294 1868 Capitolinis
1315 1786 1389 1847 hare
1415 1782 1604 1847 laudantur
1625 1814 1644 1830 ·
1659 1816 1676 1828 ·
1691 1814 1710 1829 ·
1732 1778 1756 1845 f.

347 1920 363 1932 -
379 1917 397 1934 -
412 1917 428 1932 -
446 1906 480 1948 n.
503 1922 518 1934 -
532 1919 551 1936 -
566 1923 583 1934 -
608 1907 672 1961 «ex
698 1896 848 1972 praetura
871 1890 1013 1954 classem
1035 1897 1138 1971 atque
1159 1910 1256 1954 oram
1284 1888 1424 1953 Graecia
1444 1889 1665 1952 maritumam
1688 1905 1761 1948 sor-

347 1989 429 2052 titus
449 1993 610 2055 Procons.
632 1993 806 2057 obtinuit»
826 1995 863 2058 id
886 1999 981 2077 quod
1005 1995 1223 2059 hauddubie
1243 1999 1289 2057 ad
1311 1997 1357 2056 M.
1376 1995 1568 2057 Antonium
1592 1991 1763 2076 pertinet,

347 2095 409 2174 qui
420 2115 513 2158 anno
524 2095 642 2176 priore
652 2106 779 2177 praetor
794 2097 871 2161 fuit.
893 2083 1052 2162 Ceterum
1060 2100 1194 2160 bellum
1207 2097 1427 2161 Cretensibus
1436 2087 1689 2157 nonnisi'tertio
1699 2116 1761 2156 an-

348 2216 396 2262 no
412 2205 491 2280 post
500 2197 638 2288 illatum
652 2219 725 2260 esse
742 2201 898 2272 videtur,
919 2203 1014 2274 quod
1030 2193 1379 2280 LiviusEpit.XCVII.
1392 2217 1470 2258 cum
1485 2198 1528 2258 de
1544 2195 1656 2258 Crassi
1671 2215 1761 2280 prae-

349 2299 435 2364 toris
452 2301 554 2364 rebus
565 2303 729 2366 adversus
742 2298 906 2382 fugitivos
920 2299 1023 2382 gestis
1036 2300 1263 2382 exposuisset,
1286 2303 1359 2364 haec
1372 2299 1486 2362 addit:
1507 2301 1577 2372 «Μ.
1590 2299 1762 2365 Antonius

347 2413 475 2488 praetor
497 2404 630 2465 bellum
647 2403 808 2463 adversus
835 2404 1009 2464 Cretenses
1032 2421 1156 2482 parum
1177 2420 1340 2483 prospere
1356 2413 1549 2486 susceptum
1571 2413 1683 2468 morte
1701 2424 1763 2472 sua

347 2507 494 2574 finivit.»
520 2508 589 2570 Sed
610 2509 845 2568 emendandus
865 2504 1019 2581 Vellejus
1036 2507 1079 2566 ΙΙ.
1099 2510 1149 2567 31.
1181 2504 1260 2587 qui,
1281 2505 1344 2566 ubi
1367 2508 1409 2568 de
1426 2508 1517 2590 Lege
1540 2509 1686 2570 Manilia
1706 2529 1763 2572 ex·

348 2612 448 2698 ponit
465 2619 499 2676 et
513 2630 647 2692 aequam
659 2611 824 2695 Pompejo
841 2609 879 2672 in
897 2609 1061 2672 omnihus
1074 2608 1264 2692 provinciis
1282 2629 1361 2672 cum
1375 2610 1642 2692 proconsulibus
1657 2611 1763 2676 fuisse

349 2717 537 2801 imperium
553 2732 663 2797 usque
681 2719 725 2779 ad
742 2715 1067 2800 quinquagesimum
1084 2713 1291 2777 milliarium
1309 2734 1330 2776 a
1343 2714 1433 2778 mari
1447 2713 1550 2798 dicit,
1571 2715 1665 2780 idem
1681 2725 1762 2780 ante

351 2818 535 2887 biennium
552 2821 591 2884 in
615 2823 663 2884 M.
688 2820 833 2884 Antonii
853 2829 1003 2903 praetura
1022 2823 1197 2883 decretum
1225 2819 1348 2902 fuisse,
1369 2819 1558 2882 contendit.
1587 2821 1758 2884 Antonius

350 2926 444 2990 enim
461 2934 592 3010 septem
609 2925 709 2988 anuis
727 2933 807 2989 ante
825 2925 937 3010 legem
959 2925 1141 2988 Maniliam
1160 2925 1267 2986 latam
1281 2930 1409 3006 prator
1424 2922 1547 2986 fuerat.

430 3054 499 3117 cfr.
525 3063 691 3139 praeterea
713 3056 756 3119 de
775 3055 919 3117 Antonii
941 3054 1089 3138 imperio
1113 3055 1265 3121 Laetam.
1288 3055 1331 3116 de
1353 3051 1439 3115 falsa
1458 3050 1631 3136 religione
1653 3053 1678 3113 Ι.
1703 3073 1757 3114 11:

350 3157 524 3244 ,Neptuni
545 3179 690 3244 regnum
708 3158 776 3222 tale
797 3158 902 3222 fuisse
929 3160 1096 3242 dicimus,
1122 3161 1226 3240 quale
1251 3161 1298 3222 M.
1319 3157 1464 3222 Antonii
1490 3156 1557 3220 fuit
1581 3155 1767 3219 infinitum»

252 3279 256 3292 ·
351 3263 443 3325 illud
471 3262 676 3342 imperium,
698 3263 755 3324 cui
778 3263 884 3326 totius
907 3283 976 3326 orae
1004 3264 1186 3330 maritimae
1205 3272 1407 3349 potestatem
1439 3258 1574 3327 senatus
1602 3265 1765 3328 decreve-

352 3377 423 3449 rat,
443 3372 483 3430 ut
503 3368 683 3449 predones
705 3376 968 3450 persequeretur
989 3376 1023 3432 et
1051 3382 1144 3432 mare
1163 3389 1268 3434 omne
1287 3377 1457 3452 pacaret.»
1482 3370 1639 3432 Juvenal.
1658 3370 1760 3431 Satis.

352 3474 441 3539 VIII.
463 3487 532 3547 104.
552 3471 617 3534 ubi
633 3474 677 3534 ad
692 3465 813 3534 verbus
832 3474 939 3546 ,Inde
953 3473 1138 3536 Dolabella
1159 3485 1223 3549 est,
1245 3482 1348 3555 atque
1366 3473 1449 3537 binc
1467 3473 1655 3552 Antonius,
1677 3473 1760 3537 inde

353 3578 538 3662 sacrilegus
558 3579 704 3642 Verres»
723 3587 820 3641 vetus
840 3579 1021 3640 scholiasta
1043 3581 1117 3642 haec
1133 3579 1328 3642 adnotavit:
1346 3578 1541 3654 ,Antonius
1564 3576 1669 3638 trium
1689 3575 1761 3638 Au-

353 3683 528 3746 toniorum
550 3691 731 3764 corruptor
748 3682 828 3766 ille,
848 3679 1035 3766 Salustius,
1047 3683 1118 3764 ¹qui
1140 3704 1206 3748 orae
1225 3683 1408 3750 maritima
1423 3717 1466 3738 -·-
1485 3699 1553 3762 qua
1568 3681 1760 3742 Romanum
1834 3739 1839 3743 .

339 3787 656 3872 .εεεεί’ὶωρει·ἱιιιῐι,
678 3785 870 3850 contrarius
883 3773 1014 3870 piratis.
1035 3789 1082 3850 Hi
1103 3807 1222 3851 omnes
1242 3787 1371 3870 socios,
1392 3795 1425 3850 et
1443 3787 1591 3850 maxime
1611 3786 1761 3867 Graecos,

352 3891 518 3955 Asiaticos
538 3893 577 3954 a'c
599 3891 733 3955 Siculos
759 3890 909 3954 fortunis
930 3892 1093 3954 omuibus
1116 3888 1386 3976 spoliaverunt.»
1418 3890 1519 3974 Apud
1538 3890 1615 3951 Tac.
1635 3887 1759 3955 Annal.

351 3997 426 4059 XII.
443 3999 492 4059 62.
512 3995 667 4080 Byzantii
682 3981 782 4058 bellox
792 3995 939 4080 piratico
955 3997 1002 4057 Μ.
1019 3997 1209 4060 Antonium
1224 3995 1431 4060 affirmante
1447 4011 1483 4058 se
1502 4012 1573 4057 esse
1588 3992 1755 4070 adjutum.

352 4102 526 4166 Diodorus
540 4101 733 4168 SiculusX.
749 4123 783 4184 p.
806 4117 874 4164 arn.
895 4103 957 4163 Ed.
974 4101 1049 4185 Bip.
1064 4121 1182 4185 pacem
1203 4121 1279 4164 cum
1297 4099 1516 4163 Cretensibus
1534 4097 1757 4181 compositam

352 4207 479 4270 statuit.
513 4208 567 4270 De
582 4207 685 4272 rebus
705 4207 785 4291 pos't
807 4206 952 4270 Antonii
973 4207 1107 4270 cladem
1126 4225 1147 4267 a
1168 4204 1387 4268 Cretensibus
1410 4201 1514 4286 gestis
1533 4200 1592 4266 cir.
1611 4199 1759 4328 Appian.

353 4313 396 4374 de
414 4301 500 4375 Reb.
518 4311 694 4395 Siculisp
714 4319 764 4394 98.
784 4331 854 4392 seq.
874 4312 952 4379 Vol.
974 4315 997 4373 Ι.
1018 4313 1080 4375 Ed.
1096 4309 1288 4394 Schweigh.
