4282 5390
1733 440 1782 540 59

251 673 255 680 -
329 705 333 712 ¹
374 632 494 715 Dictys
513 632 542 694 5.
558 633 614 710 163
633 611 820 694 servitium
828 633 939 693 morte
953 629 1085 694 solvere
1099 608 1314 716 Hegesippus
1330 646 1360 707 4.
1380 649 1417 708 1;
1439 630 1541 697 facile
1556 641 1605 697 est
1621 633 1786 714 injuriam

371 739 522 819 solvere,
547 737 578 798 si
600 755 636 800 se
671 734 781 799 virtus
810 743 1038 820 recognoscat.
1066 738 1207 822 Phaedr.
1224 736 1327 799 Fahb.
1353 753 1382 814 4.
1412 741 1469 814 333
1501 740 1606 803 solvit
1634 760 1786 808 errorem

372 843 562 912 omnium.»
582 842 673 904 Cort.
697 840 843 903 Nonius'
860 841 1045 904 Marcellus
1065 857 1095 918 4.
1117 857 1194 922 4193
1225 844 1319 906 male·
1335 845 1439 921 hujus
1465 846 1558 909 vocis
1581 847 1654 910 vim
1680 848 1786 913 inter-

369 954 522 1031 pretatus
545 954 603 1010 est.
627 945 687 1008 cfr.
705 945 780 1008 Liv.
796 947 823 1012 Ι.
846 961 896 1026 94.
915 948 1048 1013 solvere
1065 967 1214 1026 rnorem,
1238 951 1267 1011 8.
1288 969 1325 1029 73
1347 949 1569 1032 disciplinam
1592 953 1684 1015 Ovid
1700 957 1786 1017 Fast.

370 1055 409 1120 V.
429 1057 506 1138 3933
535 1050 670 1135 magnis
689 1050 819 1130 injuria
844 1051 955 1135 poenis
972 1052 1138 1134 solvitur3
1168 1058 1352 1140 respondet
1377 1057 1533 1120 Graecum
1547 1041 1788 1141 κατωλῦειντῆν

370 1143 538 1253 wpoe'uvnlae
558 1156 692 1220 Aelian.
711 1163 741 1220 3.
759 1179 808 1238 17.
820 1165 854 1221 et
870 1158 1022 1222 Perizon.
1034 1161 1126 1222 adh.
1144 1161 1168 1223 l.
1185 1183 1298 1225 unum
1314 1157 1615 1247 omnibu'sfinem.
1635 1159 1786 1223 Wassius

368 1262 515 1341 conjecit
533 1284 663 1346 unum,
675 1261 726 1325 ita
745 1261 840 1351 Yirg.
856 1263 939 1326 Aen.
958 1281 986 1327 a.
1003 1266 1079 1343 5043
1094 1265 1170 1330 Cic.
1181 1270 1223 1331 de
1237 1270 1341 1352 Legg.
1359 1290 1387 1328 2.
1405 1284 1465 1342 223
1485 1274 1654 1350 praeterea
1667 1267 1788 1348 Varro,

312 1427 314 1436 ,
368 1367 529 1448 Sisenna,
549 1366 685 1447 Cassius
695 1368 867 1454 Hemina,
887 1370 1060 1448 Caecilius,
1079 1372 1217 1454 Accius,
1232 1371 1429 1448 Lucretius,
1448 1393 1500 1455 ap.
1516 1376 1604 1434 Non.
1634 1369 1788 1432 Marcell.

370 1477 398 1534 3.
417 1493 471 1552 903
493 1475 553 1536 sed
571 1473 622 1534 nil
641 1481 760 1535 contra
774 1474 884 1537 libros
897 1478 1111 1538 mutandum.
1124 1473 1237 1562 ferro
1251 1474 1364 1559 septis
1377 1480 1495 1541 eadem
1508 1476 1678 1540 sententia
1684 1478 1789 1559 apud

368 1577 584 1660 Propertium
601 1579 695 1663 Eleg.
714 1581 776 1641 ΙΙΙ.
796 1581 884 1646 XIV.
905 1582 962 1654 253
984 1581 1050 1644 llle
1075 1581 1157 1646 licet
1186 1583 1277 1646 ferro
1300 1591 1418 1643 cautus
1435 1599 1472 1646 se
1498 1584 1624 1705 copdal
1642 1589 1676 1644 et
1704 1599 1788 1660 aare,

369 1701 462 1744 mors
471 1688 584 1746 lamen
593 1683 766 1749 inclusum
775 1685 1037 1770 protrahrtrnde
1045 1696 1156 1772 caput
1168 1691 1266 1754 Dem.
1275 1707 1339 1772 pro
1350 1689 1503 1750 Corona
1511 1671 1558 1757 πέ
1559 1709 1619 1780 ραις
1638 1669 1790 1782 piae
1718 1669 1790 1777 γοῖρ

366 1775 501 1866 ἔπεισιν
519 1781 637 1869 ἀνθ’
594 1821 731 1894 purum
754 1795 805 1874 ἐςι
823 1825 878 1871 του
861 1792 1010 1883 βίον
994 1827 1009 1870 o
1032 1787 1188 1883 θάνατος
1205 1802 1272 1876 edu
1290 1801 1324 1876 ἐν
1344 1803 1469 1900 atatem
1498 1800 1563 1873 vivs
1564 1830 1578 1873 o
1572 1791 1714 1872 scatet
1710 1793 1790 1894 ρξοις

366 1891 450 2002 'siet
466 1921 509 1980 de
522 1920 708 1990 verborum
719 1927 888 1982 structura
899 1921 959 1984 cfr
974 1923 1043 1984 Cic.
1056 1909 1147 1985 Phil.
1163 1926 1236 1987 XII.
1251 1943 1306 1997 103
1330 1945 1407 1984 curn
1423 1922 1468 1984 sis
1482 1931 1598 2006 septus
1610 1921 1746 2006 legrhus
1757 1927 1791 1984 et

364 2019 580 2099 judiciorum
602 2033 706 2088 metu.
715 2025 773 2092 id.
803 2027 888 2108 Epp.
907 2031 952 2089 ad
973 2028 1051 2091 niv.
1081 2031 1129 2089 16.
1153 2033 1189 2103 3,
1211 2027 1380 2110 praesidiis
1399 2026 1632 2110 philosophiae
1656 2035 1792 2109 septus,

369 2125 524 2184 imitatus
542 2137 592 2186 est
613 2130 800 2192 Salustium
818 2131 1035 2213 Hegesippus
1057 2137 1086 2188 3.
1104 2148 1161 2200 243
1183 2132 1246 2186 ubi
1270 2131 1372 2188 feriat
1388 2130 1498 2186 hostis
1513 2131 1711 2190 Romanum
1728 2128 1792 2189 mi·
1815 2207 1817 2218 Ι

242 2282 248 2288 .
367 2226 483 2310 litem,
501 2227 654 2309 reperire
671 2247 745 2288 non
761 2237 891 2310 potest3
913 2249 1016 2310 quem
1035 2228 1127 2291 ferro
1139 2233 1273 2312 septum
1292 2228 1532 2312 circumspicit.
1545 2237 1710 2293 extrema
1727 2251 1791 2296 ne·

371 2328 636 2413 cessiitos,1e
659 2349 763 2412 mors,
785 2351 826 2392 ea
846 2331 941 2395 enim
965 2333 1146 2396 necessitas
1168 2343 1309 2397 naturae.
1328 2334 1451 2419 saepius
1473 2356 1528 2418 ap.
1547 2334 1703 2398 Taciturn
1728 2335 1788 2400 cfr.

369 2436 492 2502 Annal
511 2437 558 2503 15.
570 2435 627 2508 613
650 2432 739 2494 Hist.
763 2453 789 2491 1.
809 2409 898 2509 33²·
914 2453 973 2511 72·
995 2433 1067 2495 Cic.
1087 2435 1205 2506 Cata.
1226 2447 1264 2509 4;
1285 2437 1346 2494 cfr.
1368 2443 1522 2502 Gronov.
1536 2442 1678 2505 Observ.
1692 2444 1736 2502 ll.
1749 2459 1785 2519 23

374 2538 522 2606 Vettius
539 2536 683 2604 Picens.
712 2533 864 2601 Vectius
880 2537 955 2602 Vat.
977 2557 1005 2598 2.
1028 2536 1135 2617 (idem
1158 2533 1368 2619 approbetis
1390 2559 1523 2602 omnes.
1545 2543 1623 2606 Vat.
1643 2567 1669 2605 1.
1691 2543 1787 2609 inlu-

370 2641 519 2727 strium)
540 2645 648 2709 homo
670 2643 833 2706 obscurus
854 2643 949 2720 haud
972 2641 1095 2718 dubie,
1125 2647 1166 2702 ut
1195 2641 1340 2704 Roscius
1363 2642 1484 2724 Capito
1508 2645 1660 2728 aliique3
1695 2650 1788 2714 idem

363 2770 443 2824 ,esse
455 2751 612 2826 videtur,
633 2756 734 2830 aquo
745 2749 864 2812 Cicero
874 2747 996 2810 villam
1013 2746 1127 2809 Catuli
1145 2747 1248 2825 emit,
1270 2733 1373 2829 quem
1392 2749 1436 2809 ad
1453 2749 1554 2813 Attic.
1567 2754 1624 2816 VI.
1650 2777 1675 2815 1.
1694 2773 1790 2817 man-

373 2855 495 2939 cipem,
509 2875 573 2938 pro
591 2855 699 2918 Coelio
717 2859 767 2917 30.
786 2861 1017 2937 stupratorem
1034 2853 1166 2918 Clodiae
1181 2853 1276 2915 dicit.
1298 2853 1358 2915 cfr.
1374 2854 1412 2915 in
1429 2853 1544 2918 Vatin.
1561 2875 1609 2916 ιο.
1625 2861 1670 2918 ad
1686 2859 1787 2920 Attic.

372 2965 401 3024 3.
412 2975 467 3040 243
483 2961 526 3025 de
535 2958 658 3023 scriba
668 2956 842 3026 Cornelio
855 2959 915 3022 cfr.
927 2960 996 3024 Cic.
1007 2963 1050 3024 de
1063 2955 1130 3023 Off.
1141 2953 1223 3038 11'.83
1239 2957 1325 3020 bene
1328 2965 1481 3040 parata.
1492 2959 1555 3020 alii
1558 2968 1686 3042 parta,
1696 2970 1730 3024 et
1739 2963 1788 3025 ita

372 3067 446 3151 ipse
454 3065 623 3128 Salustius
644 3067 714 3131 Cat.
734 3067 784 3127 51.
806 3074 839 3129 et
860 3067 938 3151 Jug.
963 3073 1011 3130 31.
1033 3067 1101 3130 Sed
1119 3073 1209 3130 recte
1229 3063 1639 3130 WassiuslaudavitLiv.
1658 3069 1784 3146 16.34;
1888 3131 1894 3143 ,

372 3172 457 3255 «qui
473 3191 594 3248 eorum
610 3180 704 3234 trans
721 3170 878 3233 Tiberim
900 3170 988 3232 moti
1002 3179 1129 3253 essent,
1150 3191 1194 3234 ne
1213 3171 1281 3254 ipsi
1299 3168 1470 3254 posterive
1492 3191 1631 3247 eorum,
1650 3171 1787 3256 uspiam
1814 3185 1818 3189 ’

373 3286 537 3360 pararent
554 3277 782 3352 Haberemus,
803 3275 873 3338 nisi
889 3275 929 3337 iu
942 3273 1084 3353 Vejente
1106 3284 1165 3338 aut
1182 3276 1322 3338 Sutrino
1333 3277 1548 3360 Nepesinove
1563 3283 1679 3363 agro.>l
1698 3281 1788 3342 adde
1896 3333 1899 3340 .
1934 3294 1937 3302 ’

269 3407 277 3420 ·
375 3381 441 3444 Sal.
461 3383 540 3466 Jug.
560 3385 617 3458 31.
637 3379 699 3440 ubi
712 3385 831 3462 parta
845 3386 880 3444 et
888 3387 1033 3463 parata
1050 3379 1245 3464 promiscue
1264 3391 1491 3467 usurpantur,
1513 3385 1723 3446 Freinshem.
1739 3386 1785 3444 ad

375 3488 467 3548 Curt.
484 3487 539 3547 IX.
556 3485 597 3547 X.
615 3501 671 3566 273
686 3480 813 3566 pretio
836 3489 960 3550 soluto
971 3480 1064 3577 jure
1082 3485 1251 3572 dominis,
1274 3507 1391 3566 sensus
1405 3488 1516 3552 variat
1532 3494 1661 3550 mutata
1680 3489 1790 3550 inter-

373 3591 580 3675 punctione3
618 3610 698 3652 nam
721 3597 755 3653 et
776 3587 1046 3672 pretiosoluto
1068 3593 1211 3674 dicitur,
1240 3602 1274 3658 et
1283 3593 1375 3686 jure
1395 3599 1542 3676 soluto,
1563 3601 1597 3656 et
1618 3602 1698 3655 sunt
1721 3592 1785 3674 qui

367 3697 459 3785 jure
489 3694 645 3760 dominis
669 3693 888 3783 jungendum
916 3718 989 3765 esse
1010 3709 1187 3780 cense'ant3
1217 3700 1291 3779 jam
1310 3699 1435 3784 pretio
1457 3700 1571 3762 soluto
1593 3699 1785 3784 benedici,

377 3801 457 3864 satis
485 3809 633 3882 constat3
664 3810 698 3867 et
716 3811 806 3868 recte
829 3804 956 3885 aliquis
977 3805 1084 3890 dicat,
1115 3828 1193 3868 cum
1222 3809 1352 3884 majore
1376 3805 1413 3869 vi
1436 3803 1567 3866 dictum
1591 3822 1663 3867 esse
1684 3785 1817 3884 quarn*

378 3905 529 3999 simplici
550 3909 680 3994 pretio,
701 3910 750 3972 ita
771 3918 810 3972 ut
830 3911 984 3994 positum
1006 3912 1050 3974 sit
1066 3931 1130 3995 pro
1145 3912 1239 3990 justo
1260 3913 1373 3995 pretio
1396 3916 1429 3973 et
1457 3908 1618 3992 praesenti
1646 3909 1787 3990 quidem

376 4013 524 4096 pecunia
540 4014 652 4078 soluto
659 4041 669 4090 3
692 4015 819 4098 quihus
838 4017 996 4104 opposita
1018 4025 1067 4083 est
1089 4019 1194 4082 emtio
1213 4017 1383 4100 speciosa,
1404 4014 1543 4095 qualem
1568 4013 1687 4076 Cicero
1709 4015 1787 4076 des-

379 4117 482 4183 cribit
505 4118 544 4181 in
569 4121 662 4183 Orat.
690 4141 754 4204 pro
779 4123 878 4186 Rosc.
902 4124 976 4186 Am.
993 4119 1085 4214 jure
1112 4125 1236 4185 soluto
1267 4121 1297 4184 si
1319 4118 1533 4204 junguntur,
1563 4121 1633 4185 hoc
1665 4117 1790 4197 adjecit

380 4223 524 4309 Orator,
544 4233 592 4290 'ut
612 4227 745 4292 facinus
773 4245 873 4292 suum
897 4237 1086 4304 excusaret,
1118 4226 1248 4310 quippe
1280 4227 1389 4306 quod·
1407 4244 1448 4289 eo
1483 4234 1636 4310 tempore
1663 4224 1790 4286 factum

1470 4339 1493 4383 a
