4282 5390
437 525 489 618 δι)

346 713 350 718 ’
434 724 559 790 neutro
572 736 764 804 -passms
776 715 841 779 art
862 731 1011 797 quorum
1021 717 1137 776 tamen
1149 698 1384 788 antrqmssrmr
1394 701 1556 765 solebant
1576 703 1679 766 etiam
1691 699 1846 820 praeteri

434 835 509 892 tum
525 827 719 910 perfectum
735 822 891 906 prolerre
916 824 984 885 boc
1011 819 1142 894 modoJ·
1156 814 1309 899 gaudeo,
1327 802 1463 895 gaviri3
1483 809 1595 870 audeo
1618 804 1716 884 ausi,
1738 811 1846 894 soleo,

433 929 610 1008 solui3-
628 933 690 992 sed
716 949 808 992 nunc
826 928 882 991 his
903 947 976 990 non
990 924 1140 997 utimur3
1161 921 1282 983 eadem
1302 913 1438 977 ratione
1458 912 1544 974 olim
1565 909 1720 987 licitum,
1741 914 1848 997 pudi-

434 1043 525 1117 tum,
551 1034 718 1117 placitum
745 1043 795 1097 est
817 1034 998 1110 dicebant;
1023 1033 1084 1095 sed
1104 1026 1243 1109 sequior
1266 1029 1347 1087 aetas
1374 1017 1513 1081 maluit.
1544 1014 1668 1091 licuit,
1691 1019 1847 1104 puduit,

427 1142 588 1223 placuit.
608 1143 730 1218 Donat.
751 1129 796 1202 ad
810 1142 887 1227 Ter.
906 1135 1074 1199 Andriam
1090 1134 1134 1194 Π.
1147 1133 1183 1209 6;
1174 1138 1206 1172 ·>)
1224 1129 1335 1191 Corte.
1355 1131 1456 1189 -31.-
1475 1120 1639 1204 Neque
1623 1143 1782 1188 mer-mos
1800 1143 1846 1188 exc

430 1242 563 1328 proelio
594 1242 691 1310 viros
719 1264 923 1327 quenquam
945 1250 1182 1329 agnoturum.
1215 1275 1232 1310 J<
1245 1233 1305 1296 Uti
1325 1230 1506 1294 Pacuvius.
1534 1227 1574 1290 in
1606 1229 1707 1290 turba
1731 1228 1848 1293 Oresti

344 1375 348 1391 ι
433 1348 590 1434 cognita,
616 1358 766 1438 agnota·
789 1359 840 1414 est
862 1368 968 1412 soror.
989 1345 1148 1409 Diomed.
1177 1345 1204 1404 I.
1232 1363 1266 1424 p.
1290 1341 1362 1402 383.
1389 1339 1438 1398 Ex
1458 1355 1528 1417 quo
1552 1334 1592 1396 fit
1615 1333 1846 1416 compositum

433 1471 621 1538 cognosco,
641 1454 805 1542 cognovi,
826 1455 988 1538 agnosco,
1008 1448 1152 1534 agnovi:
1174 1468 1215 1510 ex
1232 1468 1302 1526 quo
1324 1441 1490 1506 nonnulli
1512 1447 1668 1500 veterum
1691 1439 1846 1502 declina·
1907 1475 1909 1479 ·

432 1569 556 1624 verunt
577 1570 755 1646 aguntum
768 1568 801 1621 et
812 1566 1054 1646 agnoturum,
1076 1564 1114 1616 ut
1129 1557 1250 1616 Brutus
1264 1551 1302 1612 in
1317 1547 1490 1633 epistolis,
1511 1544 1560 1605 sic
1571 1551 1847 1628 praestaturus,

433 1673 694 1747 constaturus,
723 1663 894 1726 domatus
919 1665 963 1725 de
992 1661 1119 1743 quihus
1141 1660 1185 1720 ad
1205 1657 1404 1718 Ciceronem
1429 1657 1463 1712 et
1488 1649 1598 1710 nostri
1622 1649 1721 1710 Catil.
1744 1670 1772 1711 c.
1794 1651 1846 1710 36.

432 1775 532 1840 184.»
552 1770 664 1830 Corte.
681 1772 723 1829 Ιιι
740 1771 901 1831 Thosano
923 1777 990 1831 est:
1013 1761 1303 1854 agnoscitur-um.
1326 1757 1383 1822 cfr.
1397 1757 1490 1818 Serv.
1509 1756 1554 1815 ad
1571 1755 1656 1816 Aen.
1676 1753 1787 1828 4.‘23;
1810 1760 1846 1815 et

433 1870 554 1935 Strure
562 1877 606 1935 de
615 1875 724 1934 Latm
733 1875 868 1936 Declin.
880 1883 913 1935 et
924 1873 1067 1954 ConJug
1077 1866 1250 1931 Historrca
1260 1864 1363 1944 huJus
1373 1863 1444 1924 locr
1454 1859 1691 1943 interpretatio
1707 1858 1847 1921 incerta.

390 2007 396 2015 ·
433 1977 500 2039 Sed
516 1977 882 2062 eproeliofugientium
895 1976 1100 2039 huncfursse
1111 1992 1304 2037 sermonem
1314 1966 1568 2033 verrsrmrleest
1581 1969 1675 2032 -32.-
1691 1964 1750 2029 Ea
1760 1985 1849 2029 con

434 2078 594 2144 tinentia
605 2081 664 2144 vir
670 2080 805 2168 gravis,
820 2092 855 2144 et
866 2085 972 2145 nulla
986 2090 1070 2144 arte
1083 2077 1253 2160 cuiquam
1269 2070 1437 2163 inferior.
1445 2073 1615 2157 «pertinet
1626 2071 1766 2133 fortasse
1778 2073 1848 2132 hoc

433 2185 479 2244 ad
488 2184 678 2244 Sertorium
689 2187 734 2246 de
750 2205 820 2265 quo
838 2185 1060 2245 Plutarchus
1050 2206 1087 2244 ιιι
1099 2184 1206 2244 fine
1178 2203 1250 2260 eJus
1262 2182 1363 2244 vita»
1375 2183 1500 2242 Wasse.
1516 2177 1575 2242 cfr.
1586 2180 1672 2238 Sert.
1685 2177 1734 2243 ²6.
1747 2179 1846 2238 -3.-3

434 2289 572 2354 Omnes
581 2286 793 2371 quicircum
807 2297 906 2352 aunt.
920 2289 1024 2353 refert
1033 2291 1099 2351 hoc
1113 2289 1216 2350 Debr.
1226 2289 1266 2348 ad
1279 2286 1387 2348 multa
1400 2283 1571 2345 montium
1581 2282 1759 2344 eacumina
1771 2299 1848 2362 quae
1943 2333 1948 2342 .

434 2395 622 2458 Caucasum
646 2397 898 2475 circumjacent.
929 2400 1031 2457 ·35.-
1051 2390 1150 2472 Quia
1173 2411 1329 2470 corpore
1347 2397 1383 2450 et
1405 2387 1535 2473 lingua
1551 2385 1749 2467 percitum.
1782 2389 1848 2447 Cu-

432 2497 569 2563 rionem
592 2511 729 2582 patrem
746 2497 913 2575 intelligit
937 2495 998 2551 cfr.
1021 2493 1112 2548 Plin.
1133 2492 1177 2550 H.
1200 2492 1240 2550 N.
1260 2505 1289 2563 7.
1312 2487 1454 2547 12.Val.
1476 2491 1564 2548 Max.
1583 2512 1614 2568 9.
1636 2508 1685 2566 14.
1719 2494 1784 2564 «At
1800 2494 1848 2553 M.

432 2603 593 2681 Messala,
615 2597 812 2659 Consularis
834 2605 867 2658 et
883 2595 1080 2676 Censorius,
1100 2589 1319 2675 Menogenis:
1342 2589 1530 2669 Curioque,
1550 2595 1714 2657 omnibus
1731 2597 1846 2659 hono-

432 2703 530 2764 ribus
552 2703 744 2778 abendam,
774 2700 968 2774 Barbuleji=
1004 2701 1085 2780 ille,
1113 2707 1265 2780 propter.
1284 2696 1355 2759 oris
1376 2698 1592 2781 adspectum,
1623 2698 1682 2760 hic
1703 2709 1846 2782 propter

432 2823 551 2889 parem
579 2805 733 2886 corporis
758 2813 892 2865 motum
925 2812 1069 2882 uterque
1093 2802 1244 2873 scenici.
1265 2822 1393 2864 nomen
1416 2812 1551 2865 coactus
1576 2813 1626 2865 est
1666 2804 1849 2888 recipere*

432 2911 637 2973 Debrossius
664 2909 833 2970 Sicinium
861 2917 900 2968 tr.
930 2909 977 2990 pl.
1000 2909 1186 2970 Curionem
1207 2908 1384 2970 consulem
1406 2909 1474 2968 hoc
1498 2909 1640 2970 nomine
1658 2911 1848 2993 appellasse

434 3015 601 3092 conjecit,
623 3018 667 3076 de
690 3034 760 3095 quo
775 3013 834 3075 cfr.
844 3011 912 3074 Cic.
925 3016 1017 3075 Brut.
1034 3017 1083 3075 60.
1106 3017 1166 3075 Cn.
1176 3013 1347 3076 Licinius:
1368 3015 1496 3086 «homo
1517 3012 1689 3096 impurus,
1710 3019 1770 3076 sed
1787 3019 1850 3078 ad·

434 3123 577 3182 modum
593 3119 778 3196 ridiculus,
800 3139 910 3200 neque
922 3113 1019 3180 aliud
1031 3120 1070 3179 in
1085 3139 1126 3180 eo
1144 3120 1291 3183 oratoris
1309 3118 1424 3181 simile
1443 3118 1662 3199 quiequam.»
1682 3118 1742 3182 cfr.
1758 3121 1848 3185 Plut.

436 3227 545 3286 Crass.
568 3246 598 3303 7.
626 3224 688 3305 qui
708 3211 810 3285 illum
838 3225 996 3287 omnium
1023 3223 1314 3286 existimationem
1344 3224 1511 3286 conviciis
1535 3226 1699 3288 lacerasse
1728 3235 1849 3290 auctor

435 3337 503 3412 est,
524 3351 595 3391 uno
614 3331 733 3391 Crasso
751 3340 908 3412 excepto,
929 3328 991 3408 qui
1012 3326 1187 3404 maJoriei
1211 3327 1447 3407 timoriquam
1466 3328 1549 3390 odio
1571 3328 1684 3392 fuit·
1668 3337 1768 3411 -37.-
1750 3329 1851 3395 -Ibi

433 3430 655 3500 Fimbriana
665 3433 852 3498 seditione
874 3433 1029 3517 Magium
1048 3442 1082 3494 et
1103 3432 1272 3492 Fannium
1289 3435 1465 3494 Romanos
1483 3434 1673 3517 transfugas
1694 3436 1848 3553 intelligi

433 3538 623 3602 rensrmrle
635 3547 694 3602 est
716 3540 776 3602 cfr.
796 3539 942 3623 Appian.
960 3538 1153 3600 Mithridat.
1169 3537 1220 3598 68.
1241 3512 1338 3596 tio’
1314 3529 1414 3598 aurai
1431 3525 1494 3598 scit
1513 3529 1697 3613 ςωσιωτῶν,
1717 3519 1869 3613 ιιιυιιιιςΔ

433 3637 570 3743 Moiytir
605 3679 640 3724 rs
667 3649 727 3722 nai
756 3638 899 3734 Φιῖννιις.
937 3645 1034 3746 Μιθρ
1036 3635 1145 3734 ιδιῖτην
1182 3631 1318 3719 irretio
1356 3626 1594 3744 συμμαχῆσαι
1621 3649 1670 3721 roi
1697 3652 1847 3752 inproprie

434 3781 470 3837 et
489 3774 586 3837 Oros.
607 3778 665 3840 VI.
687 3793 724 3853 23
742 3775 915 3849 ..Fannius
938 3783 971 3836 et
993 3772 1146 3855 Magius,
1174 3767 1324 3832 exercitu
1352 3767 1514 3831 Fimbria
1536 3769 1677 3855 profugi
1703 3773 1846 3834 Mithri-

435 3880 508 3940 dati
525 3900 561 3942 se
584 3882 830 3959 adjunxerant:
861 3899 1010 3960 quorum
1027 3879 1168 3939 hortatu
1191 3873 1409 3936 Mithridates
1436 3895 1515 3936 cum
1535 3875 1687 3938 Sertorio
1709 3898 1773 3960 per
1792 3875 1845 3940 less

435 3991 532 4066 gatos
553 3985 591 4043 in
612 3986 817 4068 Hispaniam
842 3985 984 4058 missus,
1013 3982 1122 4045 foedus
1141 3978 1306 4062 pepigit.»
1332 3996 1431 4054 -4o.-
1450 3979 1515 4042 Ad
1536 3980 1607 4043 hoc
1624 3979 1844 4046 rumoribus.

436 4087 645 4167 Perpernam
666 4089 823 4171 aliosque
848 4089 1041 4166 conjuratos
1064 4071 1231 4169 in'telligit
1250 4082 1354 4144 Dehr.
1376 4081 1438 4162 qui
1457 4086 1500 4144 de
1516 4084 1679 4146 laudibus
1700 4087 1845 4150 Sertorii

436 4191 673 4253 detrahebant.
700 4195 766 4255 Sed
795 4196 889 4257 idem
907 4191 1052 4254 Lucullo
1072 4189 1215 4270 accidit,
1243 4187 1339 4265 cujus
1360 4186 1464 4251 fortia
1487 4187 1576 4250 facta
1595 4190 1752 4273 PompeJ'i
1769 4189 1846 4253 fau·

439 4274 531 4358 tores
561 4297 710 4380 maligne
731 4299 1053 4383 interpretabantur.
1082 4299 1134 4357 De
1161 4291 1329 4358 sententia
1356 4291 1416 4354 cfr.
1448 4294 1525 4378 lug.
1543 4311 1600 4373 92:
1629 4295 1747 4359 omnia
1771 4317 1843 4358 non

439 4398 529 4467 bene
550 4403 708 4470 consulta
737 4406 776 4470 in
802 4406 964 4471 virtutem
996 4401 1103 4484 trahi,
1130 4407 1164 4472 ct
1190 4398 1277 4466 ibid.
1298 4402 1348 4462 33.
1372 4401 1450 4463 Tac.
1468 4400 1591 4466 Annal.
1611 4415 1641 4477 4.
1662 4404 1720 4486 78:
1749 4401 1844 4480 cujus
