4282 5390
1689 393 1849 512 ss'

334 621 440 688 dubie
467 623 512 684 ad
541 616 803 706 calaguritanos
827 639 849 684 a
871 621 1036 708 Pompejo
1056 624 1211 706 obsessos
1229 629 1263 689 et
1279 631 1433 690 extrema
1446 625 1537 692 fame
1549 625 1753 695 laborantes.

334 727 393 794 cir.
412 736 538 812 praeter
557 728 636 791 loca
662 746 766 811 supra
788 726 929 793 laudata
950 731 1022 794 Val.
1037 732 1134 794 Max.
1153 731 1177 792 1.
1200 752 1228 794 c.
1248 732 1528 818 ,Calaguritenij
1549 753 1620 814 quo
1639 733 1755 818 perse-

333 833 512 898 verantius
528 832 704 898 interemti
721 833 867 897 Sertorii
881 834 1076 919 cineribus,
1096 836 1315 900 obsidionem
1337 841 1398 900 Cn.
1412 839 1570 921 Pompeji
1588 839 1755 902 frustran-

334 946 407 1023 tes,
435 938 541 1004 fidem
558 947 771 1024 praestarent,
791 938 875 1021 quia
896 941 1034 1017 nullum
1052 941 1127 1020 jam
1151 942 1249 1006 aliud
1266 942 1306 1004 in
1330 963 1451 1006 eorum
1475 944 1564 1008 urbe
1580 950 1756 1026 supererat

335 1044 485 1123 anima13
516 1063 639 1110 uxores
657 1064 735 1107 suas
755 1053 924 1125 natosque
939 1049 985 1108 ad
1007 1067 1107 1110 usum
1125 1046 1265 1120 nefariae
1291 1049 1389 1131 dapis
1410 1056 1587 1113 verterunt
1607 1049 1756 1110 cicada-

271 1185 275 1194 ·
336 1169 456 1214 verum
477 1149 645 1231 reliquias
672 1149 876 1214 sallierunt‘)
902 1150 965 1233 qui
988 1152 1131 1233 quidem
1149 1154 1337 1218 Salustium
1363 1163 1499 1218 secutus
1516 1174 1587 1218 csse
1607 1153 1757 1218 videaur:

334 1253 401 1320 Sed
418 1256 655 1341 calaguriteni
673 1256 814 1320 nonnisi
831 1264 982 1322 extremo
996 1258 1088 1322 belli
1107 1259 1298 1323 Sertoriani
1318 1281 1410 1324 anno
1430 1260 1560 1324 obsessi
1577 1267 1678 1336 sunt,
1696 1279 1755 1348 cu-

331 1359 390 1438 jus
398 1359 479 1423 finis
493 1361 532 1424 in
547 1362 649 1424 tertio
662 1361 992 1446 historiarumsslibro
1001 1364 1265 1427 commemorari
1274 1351 1349 1428 'non
1361 1364 1485 1448 potuit.
1492 1367 1665 1449 Caeterum
1678 1363 1755 1429 sal-

336 1466 413 1537 lere
427 1464 528 1527 etiam
544 1485 598 1548 ap.
610 1469 798 1530 Varronem
810 1467 952 1531 occurit.
965 1463 1082 1548 Antiq.
1095 1463 1200 1530 Hum.
1210 1470 1249 1532 L.
1261 1470 1499 1533 XV-mortuos
1514 1469 1660 1532 sallum.-
1669 1474 1703 1538 el
1715 1469 1754 1530 1.

334 1571 373 1632 1..
396 1571 453 1636 IV.
470 1569 509 1632 id
530 1553 635 1655 pecus
649 1571 803 1656 primum
822 1573 979 1637 occidere
1003 1583 1177 1660 coeperant
1200 1573 1365 1656 Domini,
1386 1582 1420 1635 et
1439 1581 1479 1635 ut
1496 1582 1673 1638 servarent
1686 1572 1756 1636 sal·

332 1675 417 1738 lere.
440 1677 595 1740 Lucilius
616 1678 655 1739 in
671 1679 762 1744 VIII.
785 1678 913 1742 sallcro
927 1698 1107 1744 muraenas.
1130 1678 1191 1762 clr.
1208 1679 1315 1742 etiam
1328 1679 1501 1748 Ammian.
1521 1679 1584 1759 qui
1598 1686 1755 1742 nostrum

333 1788 468 1847 secutus
495 1791 546 1846 est
565 1784 671 1849 XVII.
689 1783 726 1863 ll:
745 1782 958 1848 frumentum
976 1787 1021 1846 ad
1033 1803 1118 1847 ‘usus
1136 1783 1403 1846 diuturnitatem
1421 1793 1607 1849 excoctum.

414 1908 516 1950 ·11.-.
538 1890 606 1970 Ep.
628 1883 723 1954 Cnei
738 1884 894 1970 Pompei
909 1887 961 1950 ad
972 1889 1146 1956 Senatum
1166 1889 1214 1950 ita
1228 1892 1298 1950 duo
1313 1888 1480 1968 Vaticani.
1503 1892 1581 1974 Quo
1600 1898 1756 1972 tempore

320 1993 407 2068 ‘baec
422 1993 570 2075 epistola
583 1991 784 2075 scriptasit,
803 1991 884 2054 tide
894 2009 997 2074 supra
1007 2013 1042 2073 p.
1057 2009 1106 2051 ar.
1120 1990 1488 2076 QueriturPompejus,
1500 1995 1595 2074 quod
1609 1995 1756 2058 Senatus

334 2093 404 2160 sibi
423 2117 536 2175 neque
552 2105 804 2179 commeatum,
824 2114 939 2174 neque
958 2094 1171 2174 stipendium
1192 2093 1411 2170 submiserit3
1432 2084 1486 2154 ies
1506 2116 1527 2153 a
1542 2115 1577 2154 se
1590 2099 1756 2174 praeclare

334 2206 447 2284 gestas
466 2205 734 2278 commemorat,
755 2205 803 2272 et,
826 2194 894 2255 nisi
911 2193 1080 2254 auxilium
1106 2192 1250 2277 feratur,
1273 2194 1407 2256 bollum
1429 2195 1468 2257 in
1487 2195 1625 2258 Italiam
1645 2205 1755 2262 tram·
1786 2265 1788 2270 ,

333 2305 446 2366 latum
471 2301 517 2363 iri
544 2300 713 2362 minatur..
734 2299 778 2360 In
801 2315 961 2360 sermone
979 2296 1194 2380 arrogantiae
1214 2298 1320 2380 pleno
1344 2299 1445 2362 facile
1469 2319 1632 2384 ¹agnoscas
1649 2302 1755 2367 fallax

333 2405 489 2482 hominis
506 2387 705 2488 ingenium,
727 2401 789 2478 qui
808 2400 970 2458 simulata
985 2401 1194 2458 verecundia
1214 2401 1307 2460 malo
1330 2403 1486 2467 innatam
1507 2405 1618 2467 animi
1635 2427 1753 2490 super.

332 2513 429 2577 biam
443 2511 594 2596 tegebat,
615 2525 719 2587 quem
743 2501 885 2584 quidem
901 2497 1069 2561 Salustius
1088 2499 1178 2562 bene
1193 2491 1270 2572 oris
1287 2497 1459 2584 improbi,
1476 2509 1601 2571 annno
1619 2507 1754 2578 invere-

331 2619 455 2682 cundo
476 2615 619 2678 dixerat.
640 2605 849 2692 -penatis
869 2605 917 2668 ita
939 2603 1045 2669 estin
1063 2606 1169 2668 codd.
1192 2607 1268 2673 vat.
1288 2642 1331 2658 -
1352 2616 1410 2671 tot
1437 2610 1582 2674 labores
1602 2653 1643 2665 -
1663 2637 1754 2696 qno·

336 2720 440 2786 tiens.
460 2721 534 2784 baec
560 2710 685 2801 optimi
712 2701 879 2795 cujusque
906 2709 992 2773 libri
1014 2709 1136 2795 lectio,
1157 2731 1262 2794 quam
1286 2695 1471 2778 delendeie
1490 2715 1675 2803 nonopus
1692 2727 1752 2786 est.
1856 2747 1863 2768 ν

334 2828 371 2894 A
386 2821 512 2909 prima
540 2817 799 2898 adulescentia.
828 2817 1031 2902 Pompejum
1053 2825 1121 2879 tres
1145 2825 1179 2880 et
1196 2817 1323 2902 viginti
1339 2835 1456 2896 ,annos
1475 2830 1595 2882 natum
1624 2827 1753 2890 exerui.

336 2941 409 2995 tum
432 2931 567 3015 privato
589 2928 737 2991 consilio
757 2927 796 2989 in
817 2939 900 3010 agro
924 2925 1051 2987 Piceno
1069 2919 1253 2986 collectum
1269 2926 1313 2985 ad
1330 2925 1462 2994 Sullam
1475 2927 1620 2991 duxisse
1641 2937 1675 2991 et
1688 2950 1752 2992 an·

336 3053 382 3100 no
397 3045 475 3121 post
495 3056 536 3099 ex
556 3033 672 3096 Africa
690 3033 937 3114 triumphasse,
959 3031 1040 3093 setis
1057 3036 1197 3092 constat.
1219 3028 1280 3092 cfr.
1297 3030 1387 3092 Plut.
1404 3031 1444 3096 V.
1466 3032 1586 3114 Pomp.
1605 3035 1749 3112 c.5.14;

339 3134 600 3204 scelestissumi
608 3139 730 3202 hostes
733 3133 821 3224 fusi
829 3159 837 3197 ε
851 3135 1027 3198 Marianos
1041 3155 1233 3216 eorumque
1248 3138 1351 3198 duces
1365 3136 1584 3221 Carrinatem,
1597 3135 1750 3225 Caelium,

337 3247 490 3318 Brutum,
502 3242 695 3304 Domitium
706 3251 738 3302 et
748 3238 918 3322 Lepidum
929 3238 1269 3324 intelligit.ctr.P1ut.
1280 3240 1400 3325 Pomp.
1412 3264 1439 3305 c.
1448 3244 1513 3323 7'.8.
1526 3264 1573 3305 ro.
1584 3266 1631 3312 11.
1643 3265 1690 3308 ra.
1702 3247 1752 3311 16.

339 3346 437 3414 vobis
455 3350 557 3411 salus
577 3341 732 3428 quaesita
759 3352 822 3408 est.
843 3343 1001 3407 animum¹
1016 3346 1170 3427 adverte,
1190 3353 1315 3424 quanta
1335 3348 1489 3412 hominis
1507 3349 1552 3412 sit
1568 3350 1750 3434 superbia3

338 3456 438 3519 nullo
468 3452 562 3517 enim
588 3452 627 3536 in
652 3451 792 3535 proelio,
824 3451 919 3532 quod
948 3448 1113 3533 Pompejo
1141 3452 1228 3514 duce
1251 3472 1329 3514 cum
1351 3453 1508 3516 hostibus
1529 3454 1750 3524 commissum

337 3559 465 3644 lueret,
486 3558 578 3622 salus
598 3555 799 3640 reipublicae
821 3556 1096 3640 periclitabatur,
1125 3555 1195 3619 nisi
1219 3560 1313 3638 quod
1340 3558 1379 3620 in
1397 3579 1518 3642 campo
1538 3559 1663 3622 Martio
1680 3558 1750 3622 fao·

284 3645 293 3662 ’
337 3674 412 3729 tum
430 3672 489 3728 est.
517 3665 585 3728 Sed
610 3662 662 3725 ibi
682 3662 796 3725 Catuli
817 3679 923 3747 opera
945 3682 1016 3725 non
1037 3661 1154 3726 minus
1172 3663 1270 3728 utilis
1289 3663 1366 3728 fuit.
1387 3661 1485 3728 nihil
1501 3663 1659 3747 amplius
1678 3664 1702 3729 i.
1719 3685 1748 3731 e.

336 3773 476 3848 saevius,
502 3769 651 3832 atrocius
675 3765 798 3855 agitis.
823 3769 847 3831 i.
874 3789 904 3832 e.
932 3768 1081 3830 statuitis
1108 3768 1169 3831 cfr.
1195 3773 1265 3852 Qat.
1298 3775 1348 3840 lta.
1373 3774 1464 3834 med.
1489 3779 1523 3834 et
1546 3771 1595 3832 ib.
1617 3773 1666 3833 55.
1688 3771 1752 3836 ubi

337 3872 469 3960 facitis
486 3879 607 3940 eadem
628 3875 783 3940 notione.
807 3871 1017 3964 projectum
1040 3873 1093 3935 ad
1116 3873 1258 3938 tellum.
1278 3878 1334 3941 vel
1352 3879 1420 3941 hoc
1441 3885 1569 3964 temere
1594 3876 1748 3957 dictum;

335 3981 483 4067 projecti
507 3981 598 4043 enim
616 3980 793 4057 dicuntur,
815 3985 962 4060 quorum
985 3997 1088 4042 nemo
1107 3997 1223 4042 curam
1243 3982 1329 4064 agit,
1351 3990 1384 4044 et
1403 3983 1466 4063 qui
1482 3981 1748 4066 praesentissima

336 4089 416 4152 vitae
426 4087 582 4172 pericula
600 4086 697 4148 adire
715 4095 896 4170 coguntur.
917 4084 979 4148 cfr.
991 4085 1065 4148 Liv.
1086 4091 1136 4146 22.
1152 4101 1210 4166 44:
1231 4084 1413 4166 ,projectis
1426 4107 1465 4148 ac
1480 4086 1629 4170 proditis
1640 4089 1684 4150 ad
1694 4087 1749 4150 in·

340 4195 532 4257 consultam
544 4202 646 4274 atque
656 4190 887 4274 improvidam
897 4211 1049 4275 pugnam
1058 4187 1391 4274 legionibus.“Virg.
1400 4190 1483 4251 Aen.
1500 4191 1748 4273 11.360:,quid

341 4297 483 4366 miseros
495 4299 623 4366 totiens
633 4298 672 4364 in
686 4303 803 4384 aperta
813 4295 967 4382 pericula
977 4295 1140 4382 projicis»
1151 4292 1216 4357 ubi
1227 4291 1377 4360 Servius:
1400 4295 1499 4377 quasi
1509 4297 1598 4364 viles
1613 4305 1647 4363 et
1660 4293 1749 4371 abji-
