4334 5354
1592 436 1664 532 ³97

264 624 371 683 animis
393 621 599 703 perditorum,
627 633 657 684 et
676 621 712 682 de
738 625 890 706 ergastulis
914 621 1005 686 erutis
1025 623 1132 698 sorvis,
1152 606 1312 686 exercitum
1337 629 1551 702 confecerunt3
1570 637 1600 690 et
1615 648 1664 692 ar-

204 747 206 754 ·
264 738 343 788 mata
366 727 547 788 validissima
570 748 661 788 mauu
678 733 858 806 juventutis,
879 727 917 788 ad
938 727 1042 788 urbem
1063 741 1210 792 venerunt
1227 741 1317 811 atque
1337 729 1495 793 Octavium
1510 732 1596 810 Syllae
1613 757 1664 796 sa·

264 833 387 892 tellitem
407 832 575 913 superatum
599 843 788 895 necaverunt.
827 833 912 897 Tunc
930 836 1011 898 varia
1029 833 1185 896 crudelitas
1208 845 1366 917 pervagata
1387 846 1447 917 est,
1467 844 1502 895 ut
1521 835 1665 897 nobilitas

263 936 360 996 omnis
385 937 423 996 ad
450 938 643 1018 fugitiuorum
669 939 867 998 trucidaretur
887 939 1055 1000 arbitrium.
1096 939 1192 1020 Atque
1212 961 1246 999 ea
1269 941 1401 1000 inmanis
1426 941 1533 1001 sevitia
1560 939 1665 1000 cinna

264 1042 338 1116 fuit,
359 1052 394 1102 ut
413 1062 469 1101 nec
493 1043 552 1104 illis
570 1055 718 1126 parceret,
740 1064 867 1124 quorum
887 1064 976 1125 opera
994 1054 1058 1104 ‚erat
1075 1045 1172 1108 ,victor
1191 1043 1322 1106 effectus.
1361 1045 1399 1105 lls
1417 1064 1486 1105 cum
1510 1043 1567 1102 hae
1583 1045 1663 1102 inso-

263 1147 361 1206 lentia*
379 1148 412 1205 iu
437 1168 539 1208 omues
566 1152 766 1210 communiter
790 1149 983 1229 bachantur,
1010 1169 1078 1209 cum
1114 1147 1236 1209 baberet
1265 1149 1440 1231 conciones,
1471 1168 1489 1208 a
1517 1145 1666 1206 militibus

263 1251 323 1310 suis
341 1252 453 1312 occisus
476 1263 526 1311 est.
547 1253 622 1318 Tum
641 1254 752 1314 Marius
771 1273 809 1314 no
822 1256 886 1313 sine
908 1255 989 1312 socio
1009 1252 1198 1313 dominatum
1218 1254 1360 1314 sustinere
1379 1274 1442 1314 non
1456 1262 1571 1334 posset,
1592 1249 1667 1309 Car-

263 1352 373 1414 bonem
397 1355 455 1416 sibi
483 1359 516 1416 in
537 1361 666 1440 septimo
691 1356 858 1418 Consulatu
881 1361 1025 1441 collegam
1046 1357 1226 1440 subrogavit.
1250 1359 1279 1424 5.
1300 1358 1377 1428 Tum
1398 1359 1479 1440 Sylla
1503 1366 1588 1417 tauta
1612 1357 1665 1415 iu·

265 1459 438 1540 dignatione
466 1474 652 1536 commotus,
674 1474 776 1523 contra
790 1464 918 1524 Marium
942 1475 1030 1546 atque
1050 1463 1218 1525 Carbonem
1238 1467 1397 1526 exercitum
1414 1462 1515 1539 duxit,
1535 1473 1566 1522 et
1586 1462 1666 1520 inter

264 1583 294 1620 se
316 1563 400 1624 ferali
422 1569 581 1627 certamine
599 1567 732 1630 Romani
750 1573 892 1632 exereitus
915 1569 1084 1632 conflixere.
1126 1571 1165 1632 In
1185 1593 1245 1654 quo
1261 1570 1342 1634 bello
1360 1578 1514 1652 superatus
1535 1576 1579 1627 est
1599 1565 1665 1624 Ma-

263 1671 336 1728 rius.
377 1669 452 1730 Tum
475 1693 544 1734 vero
563 1675 642 1756 Sylla
662 1677 771 1758 victor,
791 1677 939 1762 quicquid
957 1679 990 1740 iu
1008 1677 1083 1751 urbe
1102 1688 1298 1753 remanserat,
1320 1671 1477 1739 cmdeliter
1495 1679 1667 1754 persecutus

263 1782 324 1850 ess,
346 1787 375 1836 et
396 1776 433 1838 R.
462 1779 495 1842 P.
512 1782 693 1844 vindicatam
718 1785 1102 1856 nomialalialiuagllm
1119 1783 1434 1856 sea—spumantis,
1461 1801 1496 1840 ac
1522 1799 1553 1838 se
1575 1780 1666 1837 talem

261 1879 403 1964 praebuit,
425 1894 459 1942 ut
478 1885 617 1948 Cinnana
637 1910 672 1946 ac
688 1887 842 1949 Mariana,
862 1898 953 1955 quam
969 1881 1069 1935 ultum
1083 1879 1177 1947 ierat,
1196 1873 1363 1935 dominatio
1380 1881 1568 1951 quareretur.
1587 1877 1670 1930 tlinc

262 1981 435 2042 Sallustius:
449 1988 533 2036 torris
554 1979 645 2037 initiis
665 1982 759 2038 malos
779 1988 894 2040 eventm
914 1979 1026 2039 babuit.
1055 1979 1131 2042 Nam
1154 1979 1277 2037 fuerunt
1298 1975 1380 2036 bona
1395 1976 1564 2056 principia,
1586 1975 1670 2054 quod

265 2095 436 2158 oppressam
454 2083 552 2140 voluit
571 2082 681 2146 civium
701 2083 859 2142 defendere
879 2082 1065 2144 libertatem:
1087 2085 1160 2142 mali
1183 2092 1303 2148 euentus
1322 2091 1358 2140 ut
1377 2079 1520 2160 superatis
1536 2077 1668 2139 dominis

263 2190 293 2238 et
313 2173 440 2243 ducibus
463 2185 559 2259 sevis,
580 2187 695 2266 gravius
710 2189 773 2268 ipse
789 2189 939 2251 civitatem
959 2191 1118 2271 quassant,
1139 2189 1193 2268 qui
1217 2208 1246 2247 se
1264 2185 1393 2267 publicae
1411 2184 1586 2245 calamitatis
1603 2187 1666 2246 fore

262 2287 438 2363 promiserat
455 2290 651 2353 defensorem.
690 2291 748 2356 Hie
767 2313 835 2352 cum
850 2304 962 2357 teneret
978 2295 1137 2375 imperium
1155 2296 1263 2352 multas
1278 2295 1355 2372 leges
1378 2311 1413 2352 ac
1430 2297 1499 2368 jura
1510 2289 1667 2371 praeserip-

262 2373 317 2466 sit',
340 2394 441 2456 multis
460 2395 627 2456 civitatibus
647 2396 850 2459 immunitates
868 2399 1078 2482 vectigalium,
1101 2399 1212 2458 multos
1234 2397 1370 2456 Romana
1396 2399 1513 2459 civitate
1533 2394 1665 2454 donarit.

262 2495 292 2554 6.
315 2495 411 2573 Huius
431 2509 495 2556 acta
520 2519 589 2558 cum
615 2512 739 2560 conatur
768 2503 896 2582 Lepidus
915 2506 949 2563 in
969 2523 1024 2562 suo
1051 2507 1207 2561 consulatu
1232 2486 1543 2572 subverteresoontra
1574 2502 1668 2558 colle-

261 2620 329 2680 gam
350 2599 491 2661 Catulum
514 2603 601 2666 ciuile
620 2608 758 2684 proelium
779 2610 867 2690 gessit
894 2619 924 2669 et
943 2608 1038 2672 vietus
1060 2617 1111 2667 est.
1151 2584 1228 2667 Nam
1252 2605 1436 2692 congregatis
1458 2605 1514 2686 iis,
1533 2605 1567 2662 in
1589 2621 1669 2684 quo-

262 2723 329 2764 rum
354 2710 548 2786 possessiones
580 2731 673 2777 noros
705 2718 828 2776 colonos
848 2713 885 2775 da
904 2715 964 2776 suis
987 2712 1135 2774 militibus
1155 2713 1234 2794 Sylla
1260 2713 1359 2776 vietor
1379 2711 1513 2786 inmisit,
1545 2729 1581 2766 ac
1609 2705 1671 2768 sibi

262 2817 433 2888 conjunctis
453 2815 552 2876 liberis
571 2821 828 2900 proscriptorum,
851 2824 1010 2911 ‚ingentem
1034 2817 1417 2903 congregantur-coitum,
1438 2813 1611 2880 P⁰¹¹¹⁰⁰¹¹d⁰
1642 2805 1668 2864 δῖ

260 2915 413 2986 vicissem,
429 2920 562 2969 atqua
585 2926 681 2986 patrus
704 2912 887 2965 restiturum.

340 3009 422 3068 Plebi
442 3029 582 3088 quoque,
602 3011 704 3066 multis
725 3008 900 3067 muneribus
920 3002 1040 3085 publice
1059 3005 1259 3083 privatimque
1279 3006 1413 3086 largitis,
1438 3025 1523 3070 carus
1541 3006 1666 3074 videbe„

260 3127 309 3174 tur
328 3133 363 3172 ac
382 3109 508 3190 publicae
527 3109 681 3169 libertatis
691 3121 824 3169 assertor.
843 3108 901 3168 Sed
922 3110 954 3167 in
975 3107 1098 3168 Etruria
1116 3111 1204 3167 litore
1223 3113 1383 3170 commisso
1410 3113 1519 3190 proelio
1539 3121 1667 3193 coeperat

261 3213 376 3292 lepidus
395 3232 454 3272 esse
474 3215 635 3292 superiors
650 3231 705 3291 per
730 3224 874 3270 armatam
896 3212 1120 3272 multitudinem
1142 3233 1206 3292 quae
1224 3213 1295 3273 odio
1314 3231 1413 3274 rerum
1435 3216 1615 3296 syllanarum
1634 3235 1666 3278 sa

261 3315 367 3396 Lepidi
386 3315 519 3396 partibus
539 3305 710 3396 applicaret.
751 3316 809 3376 Sed
830 3317 987 3397 Pompejus
1009 3315 1047 3376 de
1068 3315 1167 3378 Gallia
1188 3317 1320 3391 rediens,
1339 3338 1404 3377 non
1423 3338 1526 3398 passus
1543 3331 1589 3380 est
1607 3319 1667 3382 Le·

262 3420 327 3502 pidi
347 3419 501 3488 audaciam
522 3443 591 3480 cum
620 3419 749 3504 publicis
779 3421 965 3482 detrimentis
992 3424 1117 3502 impune
1147 3418 1295 3504 bacchari.
1335 3421 1412 3482 Nam
1438 3422 1583 3502 fugientes
1602 3430 1665 3502 ejus

263 3526 362 3606 copias
383 3544 418 3583 ac
438 3545 467 3584 se
486 3527 674 3604 implicantes
693 3528 879 3588 festinatione
899 3526 1066 3587 formidinis
1086 3527 1128 3586 ita
1149 3526 1307 3606 postravit,
1335 3535 1371 3586 ut
1386 3529 1509 3603 majora
1536 3545 1664 3588 numero

261 3631 390 3708 privatus
409 3631 443 3688 in
461 3629 629 3690 Sardiniam
650 3633 832 3713 confugeret,
851 3641 885 3692 ut
904 3631 1049 3712 impedito
1069 3640 1238 3690 commeatu
1257 3633 1404 3710 populum
1424 3629 1596 3689 Romanum
1617 3633 1665 3692 fa·

263 3737 368 3818 ligaret
387 3725 492 3817 inopia
511 3754 546 3794 ac
566 3755 632 3794 suas
651 3738 726 3796 vires
746 3737 834 3795 armis
853 3737 1005 3816 copiisque
1026 3745 1055 3794 et
1074 3737 1159 3792 omni
1178 3737 1378 3794 instrumento
1398 3734 1540 3793 reficeret.
1567 3733 1663 3816 Atque

262 3839 307 3898 ibi
325 3844 474 3900 contrario
494 3849 672 3922 propraetore
691 3844 777 3900 variis
796 3843 907 3921 proeliis
927 3838 1119 3922 gravibusque
1140 3837 1284 3923 conflixit.
1305 3837 1381 3896 Nam
1402 3840 1593 3898 solertissime
1613 3848 1664 3902 tu·

263 3945 355 4006 tando
378 3948 561 4026 provinciam
585 3943 701 4017 effecit,
721 3956 754 4004 ut
771 3945 876 4026 Lepidi
896 3945 1019 4003 consilia
1039 3963 1116 4006 vana
1136 3944 1243 4004 forent.
1264 3940 1404 4022 Undique
1422 3943 1503 4000 enim
1525 3939 1663 4023 prohibi·
1725 3965 1730 3977 ’

264 4062 311 4109 tus
322 4062 351 4110 et
366 4048 607 4110 munitionibusa
619 4051 782 4108 civitatium
796 4051 1011 4130 expugnatione
1021 4048 1161 4128 depulsus
1171 4047 1219 4125 (eor
1228 4067 1295 4127 sup.
1305 4045 1384 4123 lim),
1390 4047 1525 4128 nequivit
1532 4047 1663 4128 cogitata

263 4157 400 4234 perlicere
407 4178 418 4232 3
428 4175 462 4216 ae
470 4156 542 4215 dum
551 4157 645 4216 multa
654 4163 748 4234 parat,
760 4153 865 4214 morbo
875 4155 955 4236 gravi
965 4152 1119 4234 obpressus
1128 4172 1162 4214 ac
1171 4163 1306 4212 mortuus
1314 4159 1366 4214 est.
1380 4169 1410 4232 7.
1421 4149 1514 4234 Cujus
1524 4151 1620 4210 socius
1631 4153 1663 4210 et
