4334 5354
1661 461 1733 556 345

325 658 447 720 ductare
466 671 596 716 seorsum
617 658 655 714 ab
676 669 744 736 rege
761 659 791 716 b.
818 652 932 712 clarum
946 653 1227 735 'acceptabilemque
1247 673 1279 716 x.
1307 653 1411 736 exequi
1431 649 1537 716 solitus
1555 671 1588 720 x.
1611 657 1645 720 in
1666 655 1735 741 quie

326 763 487 824 mollitiam
510 788 536 826 z.
566 758 729 818 molliciem
743 777 781 817 er.
812 755 969 840 iugurthae
993 761 1104 820 exitum
1130 757 1229 818 edesse
1250 768 1283 824 b.
1310 778 1351 819 an
1371 759 1484 836 Metelli
1504 761 1613 822 virtuto
1631 784 1663 823 x.
1685 784 1736 826 ae—

326 868 491 929 oruoiatum
513 883 535 925 n
554 887 621 946 sup.
641 865 697 924 lin.
720 891 747 927 z.
788 883 891 942 ·71··
916 865 1019 924 litterae
1040 867 1136 924 altael
1157 885 1222 945 sup.
1244 866 1298 924 lin.
1322 892 1348 929 z.
1381 883 1502 926 somnus
1526 867 1618 948 ooepit
1638 894 1666 932 z.
1700 889 1735 930 er

327 969 602 1054 consuetudineque
622 991 654 1032 ο.
669 989 744 1052 opus
765 981 837 1031 esset
857 994 887 1032 x.
908 971 959 1032 sed
982 979 995 1031 t
1014 981 1152 1032 notatum
1172 1005 1213 1022 -
1235 972 1372 1036 introivit
1391 979 1424 1035 b.
1447 970 1609 1032 dormienti
1628 974 1682 1034 illo
1702 981 1736 1038 b.

326 1081 418 1162 paulo
438 1089 507 1160 post
527 1087 577 1144 bo.
600 1085 795 1158 exsperreetus
816 1104 842 1142 z.
863 1077 994 1157 repperit
1013 1097 1047 1137 ex
1066 1078 1194 1160 perfugis
1207 1086 1281 1144 bsx.
1303 1097 1338 1137 ex
1357 1077 1444 1139 servis
1459 1103 1486 1140 z.
1507 1076 1559 1137 sed
1580 1097 1615 1138 ex
1633 1079 1738 1158 perlu-

327 1185 371 1267 gis
392 1204 459 1266 sup.
472 1185 526 1245 lin.
540 1217 581 1232 ·-
601 1195 671 1244 ante
693 1182 819 1244 fideliter
839 1193 904 1244 eota
914 1215 954 1232 -·
966 1202 987 1240 a
1006 1202 1072 1261 sup.
1083 1183 1138 1244 lin.
1151 1209 1179 1246 2.
1198 1214 1218 1230 -
1227 1197 1276 1264 72.
1286 1215 1302 1228 -
1321 1181 1486 1243 Bomilcare
1506 1192 1594 1262 atque
1616 1183 1681 1244 aliis
1702 1189 1736 1248 b.

326 1290 398 1352 ciris
418 1287 510 1350 hostis
530 1309 562 1348 1.
583 1290 644 1349 alio
662 1299 753 1371 atque
773 1290 832 1348 alio
853 1291 921 1349 loeo
935 1321 977 1338 -
991 1289 1112 1368 (priores
1133 1288 1197 1349 deae
1216 1308 1301 1352 voees
1322 1290 1355 1350 in
1375 1297 1466 1353 berz.
1488 1288 1613 1366 omuse)
1635 1287 1735 1369 ⁴-73.·

327 1395 419 1455 simul
440 1407 470 1457 et
490 1396 637 1458 invictum
658 1406 688 1456 et
714 1397 864 1455 infensum
885 1403 935 1458 bc.
968 1393 1068 1454 decori
1094 1395 1189 1454 suerat
1208 1402 1260 1458 δι.
1276 1394 1350 1477 'fuis
1370 1414 1417 1454 ox.
1438 1403 1469 1453 et
1488 1397 1522 1452 in
1545 1420 1572 1456 z.
1593 1413 1660 1474 sup.
1680 1394 1735 1453 lin.

326 1504 408 1560 bona
428 1519 479 1559 sua
499 1508 596 1564 autb.
618 1519 708 1580 quarn
729 1509 781 1560 aut
801 1501 878 1558 mala
891 1519 922 1558 x.
944 1501 1066 1580 volgum
1088 1499 1212 1560 excitare
1230 1520 1263 1560 x.
1283 1500 1388 1579 capitia
1408 1512 1551 1560 arcessere
1566 1507 1656 1563 boxe-
1675 1499 1736 1562 vir-

327 1614 421 1665 tutem
441 1596 602 1664 immanius
622 1607 770 1665 celebrare
792 1625 819 1666 o.
840 1605 873 1664 in
895 1622 1001 1663 manus
1019 1623 1051 1664 u.
1071 1603 1173 1684 plebes
1194 1624 1260 1668 012.
1281 1613 1302 1662 t.
1324 1604 1439 1663 manlio
1459 1612 1492 1667 b.
1514 1605 1627 1663 manlio
1649 1622 1737 1662 men-

326 1711 398 1768 cilio
419 1731 466 1769 ox.
496 1709 532 1770 (δ
553 1711 668 1770 manlio
689 1735 715 1774 z.
740 1713 856 1771 bellum
878 1727 976 1790 gerere
996 1726 1065 1768 cum
1086 1715 1149 1789 jug.
1162 1709 1309 1787 ‘frequens
1330 1725 1361 1766 ιι.
1387 1706 1438 1764 sed
1458 1711 1551 1787 paulo
1572 1707 1737 1768 decreverat
1838 1779 1840 1784 Ι

325 1832 358 1870 ea
379 1833 424 1872 res
445 1813 574 1894 (reliqua
596 1815 713 1896 omissa)
727 1837 773 1878 cz.
794 1814 846 1874 sed
865 1817 958 1892 paulo
979 1811 1146 1868 decreverat
1164 1821 1283 1868 senatus
1302 1829 1334 1868 x.
1356 1811 1401 1886 (in
1413 1820 1446 1874 b.
1466 1813 1518 1870 sed
1538 1815 1630 1891 paulo
1652 1811 1738 1872 dese.

324 1929 437 1978 reserat
452 1929 481 1978 et
491 1939 558 1998 sup.
571 1921 626 1977 lin.
640 1916 767 1992 serratus)
789 1918 810 1972 i.
831 1935 857 1974 e.
879 1933 984 1992 parum
999 1933 1062 1972 non
1077 1912 1161 1972 bene.
1180 1912 1281 1990 -74-
1300 1915 1429 1972 boccum
1443 1919 1495 1975 δι.
1515 1934 1609 1975 vanus
1630 1925 1689 1994 atq.
1700 1925 1734 1980 b.

325 2022 457 2099 agitabat
471 2040 536 2082 exz.
552 2019 604 2096 (ita
618 2014 858 2098 emendandum)
871 2051 912 2067 -
927 2017 1086 2097 quisquam
1099 2015 1237 2076 omnium
1251 2041 1278 2078 z.
1292 2016 1394 2076 virtuti
1409 2034 1448 2075 an
1462 2015 1517 2075 fidi
1531 2025 1564 2078 δ.
1578 2017 1736 2078 advorsum

326 2119 421 2181 hostis
442 2149 468 2186 z·
490 2125 579 2184 ceteri
599 2143 702 2184 omnes
725 2130 788 2202 ejus
807 2125 927 2188 mil.‘b.
956 2132 986 2183 et
1006 2125 1160 2202 aliquanto
1185 2138 1312 2182 numero
1333 2128 1404 2184 box.
1433 2118 1571 2182 Numidis
1591 2142 1634 2187 oz.
1671 2132 1736 2182 tuta

327 2237 397 2287 sunt
416 2236 468 2292 δι.
491 2228 554 2306 (sed
576 2230 607 2289 in
629 2238 663 2293 b.
675 2231 677 2238 '
689 2249 756 2310 sup.
776 2230 831 2293 lin.
852 2234 899 2293 rel
920 2227 1056 2289 tutariet
1076 2229 1109 2286 in
1130 2254 1158 2291 z·
1178 2230 1213 2288 in
1234 2227 1383 2307 margine:
1404 2227 1535 2306 syllepsis
1554 2246 1608 2307 per
1628 2246 1736 2308 genere

326 2341 408 2393 ledor
421 2331 474 2392 tibi
491 2367 532 2382 -
553 2343 618 2393 tuto
632 2335 825 2394 confirmatur
840 2333 916 2395 God.
930 2329 1130 2394 Einsidelensi
1150 2330 1343 2392 etTurioensi
1358 2352 1399 2390 m.
1420 2333 1467 2413 pr.
1486 2342 1516 2391 et
1536 2330 1600 2394 Bas.
1624 2352 1650 2390 1.
1672 2351 1736 2412 quae
1850 2380 1853 2386 ,

327 2440 416 2499 lectio
444 2436 527 2499 haud
547 2438 639 2499 dubie
659 2440 830 2520 recipienda
856 2441 922 2521 est.)
964 2439 1064 2521 -75.-
1084 2442 1174 2498 talam
1196 2439 1330 2520 pervenit
1351 2467 1378 2504 z.
1409 2439 1522 2518 ubique
1547 2437 1683 2516 plerique
1708 2463 1736 2499 z.

326 2541 395 2624 (sed
418 2565 459 2604 m.
480 2565 538 2606 see.
560 2544 658 2626 isup.
680 2546 736 2604 lin.
763 2555 793 2606 et
819 2566 874 2624 que
901 2545 1071 2627 adposuisse
1090 2543 1234 2624 ¹videtur)
1265 2547 1395 2605 multum
1423 2543 1551 2624 pueritia
1572 2569 1598 2604 z.
1630 2563 1669 2600 m.
1692 2560 1736 2620 pr.

326 2645 390 2728 (vel
410 2650 517 2711 multus
537 2672 603 2732 sup.
625 2652 680 2711 lin.
707 2651 781 2710 ead
802 2671 886 2732 puer.
906 2673 947 2715 m.
977 2647 1056 2728 see.)
1081 2650 1161 2708 inter
1187 2651 1277 2708 talem
1303 2648 1477 2728 flumenque
1505 2665 1685 2727 proxumum
1709 2672 1737 2708 a.

325 2754 444 2814 milium
464 2755 528 2820 Lz.
550 2757 596 2834 (in
618 2756 752 2836 margine
773 2759 883 2834 glossa:
905 2758 931 2812 L
950 2753 1034 2809 mr'lio
1054 2751 1149 2806 XXV
1166 2745 1283 2830 lengg.)
1304 2771 1399 2832 eoque
1421 2754 1554 2830 imponit
1568 2759 1638 2814 bcx.
1659 2752 1692 2810 in
1707 2777 1735 2814 z.

325 2877 379 2934 que
398 2879 463 2937 sup.
486 2861 539 2920 lin.
559 2879 600 2918 m.
621 2878 667 2938 pr.
688 2857 778 2917 levari
799 2861 885 2935 jubat
906 2883 933 2918 z.
960 2851 1218 2916 iummeahottere.
1238 2863 1251 2908 t
1270 2871 1337 2926 sup.
1358 2854 1415 2910 lin.
1438 2879 1465 2914 z.
1498 2854 1581 2931 quod
1601 2855 1734 2914 numidis

323 2970 391 3025 bez.
413 2962 511 3023 officia
528 2961 720 3021 intenderent
736 2978 770 3019 x.
785 2958 980 3036 oppinionem
997 2980 1024 3016 z.
1039 2952 1210 3013 eredebant.
1224 2984 1265 3001 -
1279 2951 1418 3012 diderant
1434 2972 1500 3034 sup.
1517 2957 1572 3013 lin.
1591 2965 1622 3020 b.
1638 2957 1734 3016 credi.

324 3064 427 3123 derent
446 3083 477 3122 x.
509 3064 579 3120 ilem
602 3061 695 3119 nostri
717 3085 741 3122 z.
781 3060 884 3139 -76.-
903 3078 952 3118 rex
971 3057 1103 3118 nihilum
1125 3056 1221 3136 trop.
1244 3057 1299 3117 tin.
1321 3083 1349 3120 z.
1381 3067 1492 3119 eeteros
1512 3061 1734 3141 imperitantem

325 3166 422 3244 isup.
443 3167 498 3225 lin.
518 3173 550 3227 b.
578 3183 613 3222 ex
633 3165 835 3242 oportunitate
864 3172 964 3241 eaptat
984 3188 1012 3224 z.
1040 3165 1142 3222 locum
1167 3162 1318 3223 munitum
1339 3183 1369 3228 x.
1401 3163 1510 3225 deinde
1531 3207 1541 3226 .
1562 3210 1570 3225 .
1593 3210 1601 3229 .
1624 3206 1634 3227 .
1660 3169 1733 3228 locis

325 3280 382 3330 etc.
403 3267 462 3328 Sed
482 3288 548 3348 sup,
569 3254 624 3328 liu.
641 3267 729 3344 jubet.
751 3293 778 3329 z.
799 3285 939 3346 superque
959 3287 1006 3327 eas
1025 3275 1116 3332 boxz.
1137 3258 1175 3326 ab
1195 3269 1328 3349 utrisque
1347 3271 1497 3350 reliquum
1519 3270 1598 3332 nihil
1619 3275 1684 3334 lieri
1705 3301 1732 3337 z.

323 3370 371 3432 hii
392 3385 489 3454 postq.
510 3383 543 3438 b.
578 3371 611 3433 hi
633 3401 659 3438 2.
692 3373 795 3452 ibique
814 3373 885 3432 vino
907 3381 938 3436 δ.
975 3373 1045 3453 igne
1067 3380 1100 3436 b.
1141 3393 1245 3452 -77.-
1274 3372 1464 3434 bomilcarem
1489 3377 1637 3455 quendam
1659 3377 1732 3439 noh.

326 3475 409 3538 hom.
420 3499 452 3540 x.
473 3478 505 3538 id
517 3481 549 3539 ni
563 3481 710 3543 faeeretb.
731 3498 825 3562 gnare
841 3486 874 3542 δ.
887 3504 915 3548 z.
940 3497 980 3534 m.
1001 3495 1048 3556 pr.
1070 3495 1202 3540 navecx.
1219 3505 1246 3540 z.
1267 3498 1308 3536 m.
1330 3497 1387 3537 see.
1410 3477 1572 3558 quohortee
1592 3491 1732 3561 quattuor

329 3610 356 3646 z.
378 3603 396 3642 o
415 3605 483 3664 sup.
502 3585 557 3644 lin.
578 3587 663 3668 -78.-
683 3585 757 3646 disc.
778 3583 875 3645 civilis
895 3603 960 3647 exz.
982 3603 1050 3642 eum
1073 3581 1198 3643 navibus
1218 3589 1251 3644 b.
1272 3583 1379 3663 loquos
1394 3591 1422 3644 z‘.
1442 3584 1525 3642 sirtes
1544 3591 1576 3646 b.
1597 3586 1683 3664 syrtis
1704 3613 1730 3650 z.

327 3689 372 3748 uti
393 3689 452 3748 lore
472 3690 583 3750 obtulit
604 3695 683 3765 alta3
706 3691 765 3750 alia
785 3688 816 3750 b.
843 3692 904 3748 alta
924 3688 981 3746 alia
1003 3687 1035 3746 in
1056 3707 1138 3750 cuz„
1151 3687 1234 3768 cepit
1253 3686 1346 3746 ventis
1368 3695 1400 3750 b.
1426 3691 1567 3769 pleraque
1586 3688 1735 3766 Sydonioa

329 3821 355 3858 z.
390 3815 454 3875 quae
474 3805 504 3854 et
523 3796 639 3857 facilius
660 3818 690 3856 x.
731 3817 830 3876 -79.-
860 3794 1067 3876 egregiumz.
1102 3803 1234 3874 quartag.
1258 3811 1360 3873 osup.
1381 3794 1437 3854 lin.
1458 3821 1485 3858 z.
1519 3795 1683 3856 cirenenses
1705 3825 1731 3860 z.

328 3900 397 3958 finis
418 3911 550 3960 cerneret
571 3929 598 3965 z.
622 3924 662 3963 m.
682 3915 732 3983 pr.
749 3919 851 3961 eorum
870 3900 927 3962 dis.
948 3921 1014 3980 sup.
1035 3902 1090 3962 lin.
1110 3927 1140 3964 e·
1162 3919 1210 3960 eos
1231 3921 1340 3982 magno
1362 3909 1412 3964 δι.
1443 3921 1485 3960 m.
1505 3918 1551 3980 pr.
1572 3901 1732 3964 atriveraut

330 4032 357 4068 z.
377 4003 507 4086 philonis
521 4015 609 4070 boxz.
632 4007 744 4066 tardius
764 4027 841 4088 gere.
861 4006 874 4066 ἰ
892 4025 958 4088 sup.
980 4008 1034 4068 lin.
1055 4033 1082 4070 z.
1104 4007 1253 4088 cognovit.
1274 4005 1417 4067 Caeterum
1440 4033 1467 4070 z.
1487 4005 1539 4065 sed
1560 4018 1572 4066 t
1593 4017 1658 4076 not.
1680 4017 1733 4068 aut

329 4131 410 4170 seeus
432 4138 459 4173 z.
481 4112 669 4193 ginnentium
691 4121 723 4177 b.
745 4114 896 4195 gignentia
918 4140 945 4176 z.
973 4133 1014 4171 m.
1038 4103 1119 4192 pre
1139 4123 1168 4172 et
1188 4131 1208 4172 u
1227 4132 1293 4190 sup.
1314 4113 1371 4172 lin.
1398 4144 1446 4160 -.
1465 4109 1606 4174 eohortus
1625 4133 1731 4172 arena-

330 4235 434 4276 mumo
449 4213 479 4276 h.
494 4251 535 4264 -
547 4215 579 4284 h.
593 4237 658 4299 sup.
668 4219 722 4282 lin.
739 4245 766 4280 z.
785 4217 857 4278 hora
872 4228 906 4283 b.
920 4219 1038 4298 impleri
1053 4237 1069 4276 e
1085 4237 1152 4299 sup.
1165 4217 1218 4274 lin.
1232 4243 1260 4279 z.
1277 4217 1439 4296 posteriore
1455 4239 1484 4277 es
1501 4239 1530 4277 se
1543 4219 1600 4296 (vel
1617 4236 1647 4274 ee
1663 4237 1728 4295 sup.

331 4301 398 4396 lits.)
410 4348 436 4387 z.
447 4321 552 4387 domos
565 4323 707 4407 digressos
722 4345 747 4387 c.
767 4323 850 4384 domi
865 4346 905 4386 m.
918 4343 964 4406 pr.
978 4351 1004 4389 z.
1021 4345 1040 4385 o
1054 4343 1120 4405 sup.
1140 4323 1197 4387 lin.
1212 4322 1294 4404 gregi
1308 4325 1494 4404 optimonem
1505 4319 1612 4402 (osup.
1622 4321 1676 4380 lin.
1688 4341 1728 4380 m.

1332 4433 1468 4524 44,
