4334 5354
398 438 469 532 542

397 643 466 698 bor.
491 635 658 716 questiones
679 625 786 686 abdite
799 626 951 684 n‘uloisoi
972 622 1113 708 nequitx.
1126 621 1209 686 servi
1231 615 1380 702 reparati
1400 635 1426 681 z.
1447 621 1483 680 in
1503 618 1632 702 imperio
1652 625 1717 683 nati
1730 627 1815 686 bora.

399 753 470 806 sunt
489 741 512 797 ii
531 757 558 796 z.
576 733 623 793 hii·
641 737 690 794 bc.
717 742 747 792 et
766 729 846 792 idem
867 730 1082 812 superbissumi
1103 751 1131 792 x.
1158 747 1226 811 pars
1247 728 1389 800 occidisse
1408 747 1436 789 c.
1458 735 1578 788 tantum
1598 745 1650 791 ros
1671 729 1817 792 libertatis

398 853 431 908 b.
460 861 521 923 quo
548 840 641 923 magis
669 837 797 898 dedecus
817 857 844 898 c.
874 837 949 919 quid
969 835 1085 920 igitur?
1106 847 1217 898 censet.
1237 856 1253 900 s
1273 855 1340 917 sup.
1361 837 1419 896 lin.
1440 855 1467 895 a.
1495 837 1583 900 vobis
1604 837 1704 897 fecisse
1724 855 1749 899 z.
1770 857 1813 900 m.

399 971 447 1034 pr.
467 968 516 1012 vos
536 968 577 1008 m.
600 966 659 1010 see.
679 925 882 1008 dedinoio‘sit
901 951 931 1007 bt
962 944 1123 1004 aboediens
1145 945 1202 1006 crit
1221 963 1246 1003 z.
1275 942 1414 1002 nondum
1436 943 1526 1006 etiam
1546 961 1598 1006 ror
1618 951 1699 1004 tenet
1718 943 1819 1006 domi·-

398 1066 463 1120 net.
484 1065 541 1116 etc·
564 1059 596 1119 b.
617 1051 657 1112 ad
676 1052 856 1134 rempublic.
878 1050 1059 1111 damnans.
1080 1071 1122 1111 m.
1141 1069 1198 1112 seo.
1218 1047 1277 1112 hoo
1297 1061 1342 1112 est
1361 1052 1472 1132 populi
1491 1053 1612 1130 romani
1631 1071 1659 1112 x.
1679 1053 1818 1111 omnium

401 1181 564 1245 regnorum
584 1179 650 1241 sup.
671 1161 729 1222 lin.
750 1159 885 1242 gentium
895 1159 928 1219 b.
948 1158 1046 1220 virum
1067 1154 1209 1239 flagitios.
1224 1161 1291 1218 box.
1312 1167 1343 1218 et
1361 1176 1386 1217 z.
1408 1179 1450 1218 m.
1471 1177 1529 1218 sec.
1549 1159 1626 1220 viros
1647 1153 1820 1238 flagitiosis-
1884 1233 1885 1236 Ἴ

400 1251 502 1330 sumes
516 1289 558 1327 m.
571 1288 618 1350 pr.
640 1267 698 1328 nisi
720 1263 920 1325 misericordia
932 1267 965 1324 b.
987 1264 1040 1344 qui
1054 1269 1173 1323 tantum
1195 1267 1364 1344 importun.
1386 1283 1411 1323 a.
1432 1263 1487 1325 fidi
1509 1263 1631 1344 quidem
1652 1283 1679 1324 c.
1700 1265 1819 1324 alterna

402 1373 577 1436 sollicitudo
598 1393 643 1434 cx.
672 1373 764 1434 veluti
784 1369 933 1458 hostibus,
962 1387 1019 1451 pm
1039 1370 1127 1429 sociis
1146 1387 1190 1430 xz.
1210 1370 1300 1430 sociis
1321 1371 1389 1432 nois
1408 1391 1438 1432 o.
1458 1381 1559 1431 tamen
1584 1389 1640 1449 pro
1661 1379 1821 1428 consuetu·

403 1479 473 1540 dine
492 1499 516 1539 z.
544 1479 721 1560 inpunitum
742 1477 908 1540 obmittatie
928 1497 953 1537 z.
981 1476 1143 1557 imperinm
1163 1487 1294 1540 restrum
1315 1487 1360 1538 est
1379 1496 1407 1536 x.
1436 1475 1620 1538 oboedientes
1641 1495 1666 1534 z.
1704 1484 1739 1534 ut
1757 1481 1822 1554 jam

344 1568 349 1576 ¹
403 1587 515 1646 malitis
534 1589 580 1646 br.
613 1584 664 1644 sed
682 1589 748 1661 jum
768 1585 801 1643 in
821 1603 845 1642 z.
874 1582 995 1664 punctis
1015 1592 1081 1642 not.
1107 1584 1250 1643 maleficii
1278 1603 1339 1644 esse
1369 1601 1534 1644 memorem
1555 1587 1586 1643 b.
1626 1586 1729 1644 -δι-
1747 1598 1824 1660 saepe
1890 1604 1892 1614 ·

403 1690 568 1752 indicendo
587 1694 654 1750 box.
676 1688 810 1748 dicundo
829 1709 853 1747 r.
875 1692 1061 1748 arcessebant
1080 1707 1105 1748 z.
1126 1693 1314 1748 accersebant
1333 1691 1400 1752 xcb.
1418 1687 1581 1752 venderent
1601 1691 1681 1748 bcxz.
1704 1685 1825 1744 Cassius

405 1802 438 1860 P.
458 1795 494 1854 R.
516 1771 630 1876 perlata
651 1797 714 1852 aba.
735 1805 766 1852 at
787 1792 905 1852 Cassius
925 1795 1041 1874 perlata
1061 1795 1216 1874 rogatione
1237 1813 1255 1852 a
1274 1815 1303 1857 x.
1323 1794 1374 1855 sed
1394 1813 1461 1876 sup.
1482 1795 1556 1853 lime
1576 1771 1628 1870 qui
1649 1799 1721 1851 tnnc
1739 1809 1827 1870 prce-

406 1909 455 1959 tor
464 1907 530 1959 erat
539 1933 580 1949 -
592 1899 750 1958 nobilitate
761 1899 961 1979 proficiscitur
977 1921 1005 1960 c.
1018 1897 1135 1977 (nerbas
1150 1900 1192 1958 od
1201 1895 1381 1978 jugurtham
1395 1901 1484 1979 etiam
1499 1899 1534 1956 in
1548 1917 1573 1955 r.
1587 1898 1707 1976 punctis
1720 1903 1827 1954 notata

406 2013 437 2064 et
455 2005 488 2063 in
503 2024 531 2066 x.
552 2023 640 2086 snper
658 2005 769 2062 lineam
791 2023 809 2063 a
830 2025 874 2064 rn.
894 2025 953 2065 sec.
973 2001 1152 2084 adscripta).'
1180 2003 1286 2064 -33.-
1306 2003 1448 2085 dignitati
1469 2003 1562 2084 magis
1582 2004 1614 2061 h.
1637 2001 1732 2061 sedari
1755 2020 1827 2060 mo-

407 2117 456 2168 tns
475 2121 500 2166 n.
532 2131 574 2168 m.
594 2130 642 2191 pr.
672 2110 706 2167 iu
732 2119 816 2190 petre
845 2110 1008 2191 fratresque
1029 2131 1054 2170 z.
1084 2111 1117 2169 in
1145 2111 1248 2170 fratres
1276 2120 1452 2191 patremque
1471 2127 1500 2169 x.
1526 2126 1629 2170 rerum
1650 2107 1825 2188 aperiatur.

409 2213 514 2276 -35.-
532 2213 766 2296 jugurthemque
783 2219 846 2279 bxz.
866 2217 925 2276 suis
946 2215 1077 2297 presidii
1098 2226 1141 2276 est
1153 2217 1186 2276 b.
1208 2217 1344 2274 animum
1365 2214 1433 2278 adv.
1453 2217 1499 2276 na.
1519 2223 1674 2292 sumptum
1695 2212 1827 2291 supplic.

406 2340 436 2384 x.
458 2319 487 2380 Ο
508 2325 649 2382 urbemn.
670 2320 773 2384 -56.-
795 2319 1021 2382 ῑιιηοΑΙὸίη.ι.
1042 2323 1146 2381 relicto
1164 2317 1386 2402 propretoreb.
1408 2335 1512 2396 ·27.··
1532 2333 1637 2378 mensa
1650 2319 1787 2396 januario
1800 2335 1828 2374 r.

410 2443 513 2505 aspera
531 2423 632 2486 hieme
652 2431 684 2486 b.
705 2429 910 2506 oportunitate
930 2429 991 2489 loci
1012 2427 1064 2487 sed
1086 2445 1137 2485 nm
1156 2427 1236 2486 infra
1257 2427 1313 2484 lin.
1334 2443 1359 2482 e.
1388 2421 1494 2483 -58.·
1514 2420 1656 2481 subdolus
1677 2443 1702 2481 z.
1722 2440 1739 2480 e
1758 2440 1827 2501 sup

410 2532 468 2592 lin.
491 2532 620 2610 subdolo
641 2535 673 2591 b.
695 2553 738 2597 m.
759 2553 817 2594 sec.
834 2531 972 2614 Denique
994 2535 1132 2592 albinum
1155 2551 1179 2590 z.
1201 2534 1242 2592 ite
1262 2530 1370 2590 delicta
1391 2540 1447 2594 etc.
1468 2527 1546 2607 (sup.
1566 2529 1622 2590 lin.
1640 2529 1700 2592 sire
1720 2534 1829 2608 jugum
1873 2561 1876 2564 -

412 2634 477 2697 thee
485 2641 623 2700 factionis
633 2657 686 2700 seu
700 2641 828 2698 aliorum
839 2637 1011 2715 hominum)
1026 2637 1057 2697 b.
1073 2639 1115 2696 ita
1125 2635 1235 2698 delicto
1252 2636 1410 2697 occultiori
1421 2637 1480 2694 fuit
1489 2633 1540 2694 sed
1552 2654 1619 2716 sup.
1633 2634 1743 2693 lin.'·-
1754 2655 1772 2692 a
1785 2665 1831 2681 -
1927 2635 1929 2640 ’

413 2763 528 2802 -e-
547 2744 663 2802 fuerez.
684 2743 739 2800 diu
759 2753 945 2821 noctuqnez.
964 2744 1062 2802 albini
1083 2753 1176 2802 castra
1196 2762 1263 2820 sup.
1285 2744 1342 2802 lin.
1362 2743 1424 2801 auli
1445 2759 1468 2798 z.
1491 2759 1573 2799 arma
1594 2759 1714 2819 capere,
1736 2737 1776 2798 ali
1797 2757 1831 2798 se

414 2847 524 2907 abdere
537 2868 560 2907 z.
583 2850 688 2910 calum
708 2867 734 2908 z.
761 2847 796 2907 lu
817 2847 931 2906 incerto
952 2857 1037 2907 erant
1053 2865 1077 2906 z.
1100 2867 1143 2904 m.
1163 2864 1210 2924 pr.
1231 2842 1366 2904 threcum
1386 2861 1411 2904 a.
1436 2842 1488 2900 sed
1509 2861 1615 2922 osup.
1635 2845 1690 2903 lin.
1712 2853 1831 2919 tracum

414 2957 447 3012 b.
478 2965 699 3034 occupaverant
718 2973 744 3013 c.
777 2973 848 3013 eum
869 2953 1020 3026 albinoz.
1049 2947 1107 3030 (uel
1127 2949 1196 3009 aulo
1218 2969 1283 3029 sup.
1304 2947 1375 3026 lin.)
1402 2947 1436 3006 in
1456 2947 1622 3026 conloquio
1642 2965 1666 3005 r.
1700 2947 1778 3006 fame
1798 2957 1845 3008 et·

416 3059 494 3118 ferro
514 3079 556 3119 xz.
585 3069 667 3118 tenet
686 3063 766 3117 berz.
795 3077 958 3117 memorem
980 3057 1181 3120 humanarum
1203 3074 1302 3115 rerum
1322 3071 1365 3114 xz.
1394 3059 1495 3113 tamen
1515 3071 1546 3112 se
1566 3050 1641 3111 dicit
1664 3069 1831 3112 memorem

417 3168 449 3224 b.
475 3161 617 3223 Numidia
637 3163 797 3225 discederet
816 3185 843 3224 c.
884 3163 981 3242 -39.-
1001 3165 1106 3222 albino
1127 3163 1183 3241 (vel
1205 3161 1275 3221 aulo
1295 3179 1362 3240 sup.
1383 3159 1453 3238 lin.)
1475 3177 1501 3219 e.
1527 3175 1671 3220 accersere
1690 3162 1756 3219 ber·
1778 3177 1831 3221 ac·

419 3269 523 3328 cersire
543 3289 568 3328 z.
599 3289 703 3350 osup.
722 3271 777 3330 lin.
820 3284 922 3346 -4o.-
942 3270 1097 3328 mamilius
1116 3273 1196 3332 bom.
1228 3265 1356 3327 Graecos
1376 3287 1417 3324 m.
1437 3269 1469 3326 b.
1492 3242 1580 3324 etiam
1602 3265 1635 3323 in
1656 3283 1680 3322 z.
1703 3267 1831 3324 Graecos

419 3393 486 3455 sup.
498 3372 554 3434 lin.
572 3377 666 3438 senati
677 3376 793 3437 decreta
803 3380 977 3459 neglexisset
987 3397 1012 3440 z.
1027 3375 1201 3456 neglegisset
1215 3393 1260 3434 cx.
1273 3373 1456 3454 rogationem
1474 3370 1608 3448 jusserit3
1625 3369 1716 3450 magis
1732 3379 1787 3431 etc.
1797 3368 1829 3427 b.

419 3499 486 3559 sup.
503 3482 559 3541 lin.
578 3483 599 3540 i.
619 3504 644 3542 e.
662 3483 890 3564 inquisitionem
907 3483 1067 3544 decreverit
1091 3483 1138 3542 vel
1152 3479 1281 3540 voluerit
1299 3478 1400 3556 (etiam
1424 3477 1456 3535 in
1482 3493 1507 3535 a.
1528 3473 1701 3548 decreverit,
1723 3475 1833 3534 rolno-
1861 3496 1864 3498 ·

420 3587 461 3647 rit
481 3607 546 3669 sup.
567 3589 638 3666 lin.)
658 3593 758 3650 bestia
778 3589 865 3649 luisse
884 3607 927 3650 xz.
947 3609 982 3648 ex
1004 3587 1133 3646 mamilli
1154 3595 1240 3667 roget
1252 3590 1301 3647 br.
1323 3603 1357 3644 ex
1377 3603 1418 3646 m.
1439 3582 1589 3663 legatione
1611 3603 1636 3640 c.
1666 3597 1701 3640 ex
1720 3582 1832 3640 mami-

421 3694 499 3753 liaz.
519 3696 540 3754 l.
561 3685 627 3776 sup.
648 3695 864 3777 lin.⁷adpinxit
884 3717 925 3755 m.
946 3714 1006 3755 sec.
1026 3693 1149 3754 exercita
1162 3711 1202 3752 rr.
1224 3690 1390 3772 quaesinoz.
1411 3685 1477 3768 (sed
1498 3688 1509 3747 i
1528 3696 1644 3768 puncto
1664 3685 1742 3761 not.)
1762 3701 1831 3764 par·

422 3799 499 3860 tium
523 3821 588 3861 mos
608 3821 681 3881 pop.
700 3823 728 3863 x.
757 3813 904 3861 senatores
925 3801 1089 3860 factionum
1112 3819 1136 3859 z.
1157 3816 1190 3858 us
1210 3817 1276 3878 sup.
1296 3797 1351 3856 lin.
1372 3794 1566 3874 acerbiusque
1587 3792 1733 3863 fuere-bn·
1765 3808 1833 3867 sup.

424 3903 480 3962 lin.
492 3905 538 3963 fit.
554 3909 590 3965 fit
607 3928 651 3966 cx.
663 3907 822 3968 dilacerata
841 3919 885 3966 est
899 3912 932 3967 b.
948 3909 981 3968 in
999 3909 1085 3966 mult.
1104 3905 1234 3988 dispersa
1250 3910 1282 3963 b.
1300 3907 1513 3982 urguebatura
1529 3917 1626 3979 quoae
1637 3895 1833 3975 semetipsam

426 4009 475 4064 ch·
497 4028 587 4086 quare
608 4015 815 4091 semetipsam
836 4033 863 4073 x.
894 4014 979 4095 qnasi
998 4011 1193 4094 permixtione
1214 4031 1238 4069 a.
1265 4007 1316 4068 sed
1338 4027 1375 4066 nc
1394 4007 1513 4088 punctis
1534 4013 1598 4068 not.
1640 4015 1743 4075 dea.-
1763 3999 1833 4061 nib.

426 4113 569 4187 alterum,
590 4115 708 4178 triumv.
728 4120 775 4178 bc.
797 4116 984 4179 deducundis
1006 4140 1030 4182 z.
1050 4117 1100 4178 sed
1120 4121 1203 4176 bono
1224 4118 1255 4174 b.
1284 4133 1351 4194 sup.
1370 4113 1424 4173 lin.
1443 4131 1546 4184 „more
1567 4120 1597 4172 et
1616 4107 1757 4168 omnibus
1776 4106 1834 4168 cir.

428 4217 579 4278 moribus”
599 4224 630 4306 b,
653 4221 765 4298 (eadem
787 4225 877 4284 lectio
899 4225 931 4284 in
952 4246 976 4284 z.
998 4243 1064 4305 sup.
1086 4223 1153 4299 lin.)
1176 4221 1320 4282 maturius
1340 4219 1454 4279 deseret
1469 4222 1501 4279 b.
1528 4217 1561 4276 iu
1581 4237 1602 4274 r.
1622 4231 1669 4272 me
1687 4230 1754 4292 sup.
1775 4211 1834 4272 lin.

427 4320 514 4394 ·ii.-
533 4335 600 4410 post
620 4326 716 4424 albini
734 4313 817 4410 (sup.
833 4333 894 4393 liu.
913 4333 970 4398 vel.
990 4329 1063 4407 aule)
1074 4351 1100 4392 z.
1119 4328 1237 4411 eligere,
1255 4327 1382 4391 scribere
1402 4329 1483 4390 bcxz.
1502 4336 1647 4386 accersere
1660 4322 1713 4381 br.
1733 4333 1837 4385 acees-
