4282 5390
1736 474 1785 573 76

375 661 527 720 'ceterum
546 651 672 754 egredi
690 676 768 720 curn
784 656 1004 724 accusativo
989 661 1112 748 jungi,
1132 663 1257 728 docent
1278 665 1473 750 exemptae
1495 663 1615 734 Contio
1635 664 1786 734 laudata.

371 761 463 826 Plin.
484 765 568 847 Epp.
588 767 616 830 6.
640 780 698 838 ao,-
718 765 887 827 excedere
909 786 964 849 ap.
984 768 1100 830 Senes.
1120 771 1180 853 Ep.
1205 786 1277 848 1043
1299 772 1460 856 evadere,
1478 770 1558 834 alia.
1580 777 1682 834 -3o.-
1700 768 1787 838 Nisi

374 885 456 930 cum
473 860 533 932 ira
551 867 637 932 belli
649 851 905 934 detenuissetss
894 895 917 934 ι.
928 891 958 935 e.
979 853 1214 938 deferbuisset.
1235 896 1417 939 senescere
1432 876 1558 958 passim
1569 869 1661 959 apud
1679 875 1786 959 scrip-

374 958 465 1034 tores
480 974 545 1034 hac
564 972 817 1056 significatione
835 976 993 1039 occurrit.
1021 983 1123 1042 --31.
1143 983 1441 1045 Maturocerunt.
1460 981 1528 1042 hoc
1545 982 1589 1041 ad
1608 981 1702 1043 bella
1712 983 1787 1042 Ma

378 1075 543 1138 cedonrca
553 1087 713 1160 spectare
734 1081 921 1143 admodum
943 1081 1134 1147 verisimile
1154 1094 1213 1148 est.
1233 1091 1340 1152 -.-32
1360 1081 1422 1148 illo
1432 1079 1627 1174 profectus
1642 1093 1704 1146 etc.
1726 1084 1785 1150 hic

372 1177 469 1242 locus
495 1201 556 1243 cur
574 1181 685 1267 magis
709 1187 753 1246 ad
773 1187 991 1272 Pompejum,
1019 1209 1123 1269 quam
1148 1193 1190 1250 ad
1214 1189 1415 1275 Metellum,
1436 1191 1492 1254 vel
1508 1189 1708 1272 Servilium,
1727 1189 1785 1252 vel

374 1282 575 1368 Curionem,
596 1288 651 1350 vel
674 1290 876 1375 Lucullum,
894 1295 951 1356 vel
973 1293 1082 1355 alium
1104 1313 1301 1377 quenquam
1322 1316 1401 1359 cum
1420 1294 1577 1358 barbaris
1595 1295 1785 1358 bellantem

372 1390 543 1468 trahatur,
557 1401 636 1455 ‘non
654 1393 773 1474 video;
794 1397 954 1461 lectionis
971 1398 1181 1482 genuitatem
1199 1403 1291 1479 quod
1301 1401 1441 1483 attinet,
1461 1400 1552 1464 nihil
1573 1407 1639 1482 est,
1660 1401 1786 1479 quoda

372 1493 511 1579 vulgata
535 1498 630 1560 elate
649 1507 718 1560 aut
740 1497 994 1566 securissimus
1014 1513 1113 1565 metu
1140 1502 1365 1566 discedamus.
1394 1508 1481 1565 Nam
1503 1506 1598 1566 elate
1618 1522 1683 1586 pro
1709 1505 1785 1565 tate

373 1597 444 1662 dici
467 1621 564 1684 posse
583 1603 793 1686 putaverim
813 1609 956 1690 quod
929 1630 959 1671 ss
977 1610 1056 1674 aliis
1076 1633 1199 1696 parum
1221 1611 1442 1697 probabitur,
1463 1608 1630 1672 facillima
1651 1606 1787 1684 conjec-

372 1709 450 1766 tura
477 1715 537 1769 est
565 1713 651 1772 Nam
674 1716 808 1795 equod
833 1714 937 1782 initio
956 1727 1022 1803 est,
1044 1739 1085 1782 ex
1113 1719 1183 1783 fine
1203 1716 1436 1781 antecedentis
1456 1714 1551 1777 vocis
1580 1720 1695 1776 ortum
1714 1728 1787 1772 esse

372 1797 505 1873 dicab-
493 1833 565 1891 Jam
592 1838 708 1900 neque
732 1827 766 1882 et
787 1829 855 1884 aut
873 1823 996 1906 saepius
1022 1823 1071 1885 ita
1089 1824 1192 1908 jungi
1213 1825 1389 1886 neminem
1413 1820 1513 1904 fugit.
1534 1812 1785 1882 securissimus

372 1913 500 1981 dictum
511 1941 593 2002 pro.
604 1924 708 2005 plane
717 1945 874 2011 securus,
890 1937 923 1990 et
937 1949 1015 1992 cum
1029 1928 1162 1990 dicatur
1172 1949 1322 1991 securus
1334 1950 1358 1990 a
1370 1926 1426 1989 vel
1441 1927 1501 2007 de,
1513 1923 1618 1988 etiam
1632 1917 1785 2003 simplici

372 2038 451 2082 cum
462 2024 641 2088 ablativo
628 2051 774 2114 jungere
796 2032 888 2095 licet.
914 2033 965 2096 od
969 2027 1087 2120 furta
1107 2030 1233 2094 bellii.
1257 2053 1285 2094 e.
1306 2031 1442 2092 iusidiae
1459 2028 1515 2092 vel
1538 2029 1686 2128 impetus
1709 2043 1787 2086 cum

374 2125 457 2184 dolo
479 2136 511 2184 et
526 2127 713 2192 fraudem
722 2138 835 2196 hostes
857 2135 960 2211 facti,
978 2106 1253 2210 ffeoeloel‘lll‘m,
1271 2151 1326 2210 ap·
1338 2133 1495 2208 Thucyd
1507 2135 1535 2189 3
1550 2149 1578 2204 9·
1592 2101 1788 2205 ’‘nil“lmm

372 2224 529 2290 imitatus
554 2240 604 2291 est
625 2235 905 2316 Hegesippus,l.
922 2238 979 2295 30:
998 2234 1053 2295 vir
1072 2237 1116 2294 ad
1138 2232 1230 2294 furta
1253 2233 1339 2295 belli
1357 2232 1576 2315 peridoneus.
1604 2229 1665 2292 cir.
1689 2229 1786 2311 Virg.

372 2331 457 2394 Aen.
471 2353 501 2411 9.
520 2337 602 2406 3503,
625 2356 670 2394 ιο.
683 2341 752 2426 734.
776 2339 868 2397 Curt.
885 2354 915 2410 4.
936 2344 983 2400 13.
1001 2353 1031 2412 4.
1051 2339 1158 2400 Silius
1172 2338 1281 2400 Italic.
1300 2360 1417 2416 17.91;
1439 2339 1607 2398 Buclrner.
1624 2337 1668 2395 ad
1680 2333 1787 2395 Tacit.

371 2434 484 2519 Agric.
496 2440 600 2497 -33.-
616 2431 829 2515 Quiliberis
848 2433 926 2523 ejus
950 2441 1152 2522 auunculus
1174 2445 1267 2497 erat.
1288 2439 1451 2520 Clodium
1472 2440 1659 2500 Pulchrum
1677 2437 1788 2521 signi-

371 2537 467 2602 ficari
487 2543 595 2623 'putat
620 2540 726 2602 Debr.
748 2539 829 2628 qui,
857 2539 990 2624 legatus
1010 2539 1167 2616 Luculli,
1198 2540 1241 2600 ab
1265 2559 1305 2601 eo
1329 2541 1373 2599 ad
1391 2541 1594 2622 Tigranem,
1609 2544 1787 2604 'Armeniae

370 2663 508 2727 regem,
529 2646 651 2707 missus
671 2654 737 2723 est3
760 2653 879 2729 contra
897 2619 1069 2706 Ausonius
1088 2646 1216 2726 Popma
1239 2645 1283 2703 ad
1306 2644 1515 2704 adulterium
1529 2645 1646 2706 uxoris
1662 2645 1787 2727 Lepidi

372 2758 524 2831 spectare
539 2750 719 2823 existimat.
739 2756 839 2826 -34-
861 2753 1000 2814 Recens
1019 2746 1211 2829 scripsi-
1227 2757 1317 2810 recte
1341 2749 1444 2809 Debr.
1463 2751 1531 2810 hoc
1548 2749 1633 2833 frag.
1653 2748 1786 2831 inipso

373 2853 605 2918 Historiarum
625 2855 818 2938 primordio
841 2855 957 2938 ponit,
990 2854 1054 2916 ubi
1072 2852 1239 2915 Salustius
1260 2852 1414 2915 veritatis
1434 2853 1587 2913 studium
1614 2854 1787 2934 protessus

373 2966 463 3042 erat,
483 2960 546 3021 ubi
565 2961 739 3023 addidisse
759 2960 912 3042 videtur,
934 2961 1112 3033 veritatem
1132 2959 1247 3020 minus
1263 2979 1283 3018 a
1300 2977 1335 3020 se
1355 2957 1484 3019 intlecti
1502 2957 1670 3040 potuisse,
1691 2964 1787 3039 quod

371 3083 505 3144 rerum,
526 3084 611 3144 quas
626 3065 861 3147 descripserit,
881 3065 1023 3144 aequalis
1039 3065 1154 3128 fuerit.
1175 3066 1275 3126 -35.-
1294 3061 1390 3126 Solis
1406 3060 1487 3138 uiis,
1507 3070 1587 3123 sunt
1605 3063 1686 3136 viae,
1709 3085 1785 3143 quaa

373 3188 436 3251 per
452 3175 547 3229 vasta
568 3176 602 3229 et
623 3172 756 3231 deserta
775 3171 851 3231 loca
872 3171 1021 3246 ducunt3
1040 3173 1085 3230 ad
1111 3170 1226 3230 Clodii
1247 3169 1314 3230 iter
1334 3168 1372 3228 in
1393 3167 1590 3229 Armeniam
1609 3168 1786 3229 illustram

375 3275 459 3390 dum
472 3275 540 3333 hoc
552 3273 712 3334 adhibuit
724 3274 856 3332 Debr
841 3274 915 3351 -37.
924 3271 1784 3352 -Insanumaliter-atquealiarummulierum

374 3489 488 3544 tamen
511 3481 695 3564 discidium
714 3483 831 3545 uxoris
851 3483 940 3546 ferre
960 3503 1032 3545 non
1049 3491 1183 3565 poterat
1201 3482 1260 3544 cfr.
1280 3503 1382 3567 supra
1398 3503 1474 3567 pag.
1491 3504 1559 3562 9.-
1541 3483 1645 3542 -.-38
1664 3484 1785 3543 Jussu

374 3585 521 3653 Metelli
536 3584 742 3653 cornicines
755 3595 1028 3663 occanuerunt,
1049 3589 1098 3650 ita
1112 3587 1341 3651 scribendum.
1363 3588 1606 3660 occinuerunt
1619 3589 1786 3648 mendum

376 3692 567 3778 scripturae,
588 3714 668 3755 nam
682 3696 816 3758 etScrv.
829 3703 862 3757 et
872 3693 1070 3757 Priscianus
1081 3713 1101 3755 a
1112 3714 1216 3777 cano,
1232 3694 1413 3775 inquiunt,
1426 3701 1557 3755 veteres
1573 3711 1644 3753 non
1658 3690 1784 3775 cecini,

377 3800 436 3860 sed
464 3798 577 3862 canui
597 3799 767 3862 dixerunt.
800 3803 908 3876 -39-
928 3796 1070 3862 Neruis
1099 3807 1239 3861 cntenoe
1259 3799 1367 3864 modo
1394 3797 1432 3859 in
1455 3799 1571 3872 codd.
1590 3797 1688 3859 nodo
1712 3816 1784 3859 esse
1844 3795 1846 3799 ’

300 3897 303 3906 ’
376 3901 616 3965 animadvertit
634 3903 784 3966 Colerus.
810 3918 912 3978 -41.-
930 3904 1058 3982 Neque
1072 3923 1109 3965 se
1122 3909 1282 3986 recepere
1292 3903 1427 3986 proelio
1447 3899 1588 3984 quivere
1599 3935 1641 3952 -
1648 3897 1783 3982 proelio

373 4025 438 4089 pro
452 4007 567 4070 dativo
582 4009 791 4072 habendum.
802 4005 862 4070 cfr.
876 4007 996 4092 fragm.
1012 4009 1055 4068 II.
1069 4007 1103 4066 8:
1119 4029 1257 4094 pugnae
1268 4005 1460 4070 instruere.
1477 4022 1579 4082 -42-
1599 4003 1701 4086 Equi
1707 4002 1786 4067 sine

374 4119 529 4185 rectore.
548 4113 621 4176 haec
640 4115 709 4175 duo
732 4111 922 4196 fragmenta
939 4111 980 4174 in
1000 4132 1117 4196 pugna
1136 4109 1348 4174 Lauronensi
1372 4109 1575 4174 illustranda
1597 4109 1785 4171 laudantur

376 4234 397 4276 a
420 4219 524 4282 Debr.
544 4221 666 4280 eodem
686 4219 790 4280 modo
811 4217 917 4279 Tacit.
944 4215 1112 4300 Agricola.
1135 4218 1190 4276 36:
1213 4213 1365 4275 exterriti
1383 4213 1460 4276 sine
1480 4215 1670 4278 rectoribus
1690 4212 1782 4292 equi.

377 4326 465 4397 43*
486 4323 772 4407 occupatusque
796 4324 865 4385 hoc
895 4319 1127 4406 fragmentum
1146 4319 1251 4384 Debr.
1281 4319 1307 4378 1.
1331 4320 1400 4379 611.
1424 4303 1655 4400 probabiliter
1680 4334 1784 4399 argu·
1837 4341 1842 4350 ·

1422 4433 1585 4498 ιο,
