4334 5354
425 637 489 704 ubi
527 635 624 702 verbi
663 628 871 722 significatio
909 642 974 711 pro
1013 628 1182 688 structura
1220 626 1373 688 mutatur
1399 633 1432 690 J.
1462 626 1511 688 38.
1551 625 1641 688 fame
1675 623 1838 718 ferroque

426 745 557 808 clausos
575 757 625 816 ra.
645 725 826 803 ferro,aut
849 733 931 818 fuga
967 729 1127 796 exstinxit
1155 748 1206 811 49.
1236 729 1384 814 pecunia
1417 737 1476 793 aut
1508 732 1643 796 honore
1671 736 1837 802 extulerat

428 865 497 910 roa.
522 865 594 908 non
613 862 678 926 pro
706 840 804 904 vanis
832 838 990 902 hostibus
1007 841 1068 902 sed
1097 835 1291 904 liberaliter
1311 837 1435 901 habuit
1459 855 1510 932 49.
1539 839 1677 904 labores
1705 848 1737 905 et
1764 843 1838 906 vie-

424 951 530 1015 torias
546 947 750 1011 confirmare
756 972 767 1025 ς
783 945 921 1027 (rectius
931 952 1047 1008 tamen
1062 946 1153 1009 hanc
1165 944 1333 1029 syllepsin
1345 961 1416 1009 esse
1433 948 1543 1030 putes)
1564 953 1631 1011 105.
1654 967 1837 1012 numerum

423 1042 630 1140 ampliorem
661 1073 745 1118 vero
767 1061 801 1116 et
824 1051 987 1116 hostilem
1009 1060 1139 1114 metum
1163 1047 1366 1117 efficiebant.
1409 1052 1710 1136 Quemadmodum
1728 1054 1836 1140 igitur

423 1182 563 1227 casuum
577 1161 752 1246 enallage,
773 1158 1026 1243 quamdicunt,
1049 1177 1121 1222 non
1145 1177 1183 1220 eo
1203 1148 1342 1242 spectat,
1364 1165 1402 1220 ut
1419 1153 1652 1222 differentiam
1672 1160 1763 1226 inter
1779 1181 1836 1224 ca-

422 1289 478 1334 sus
495 1269 611 1352 tollat,
626 1269 685 1332 sed
701 1265 817 1351 petius
835 1265 1032 1329 orationem
1046 1268 1090 1327 ad
1108 1283 1269 1329 sensuum
1287 1263 1520 1329 diversitatem
1536 1265 1644 1350 fingat
1659 1276 1761 1349 atque
1777 1288 1834 1330 ac-
1863 1308 1865 1312 -

423 1377 599 1458 comodat,
618 1375 666 1444 ita
677 1392 721 1436 ne
734 1379 889 1455 tempora
902 1369 1043 1452 quidem
1059 1370 1255 1453 promiscue
1271 1361 1495 1455 usurpantur,
1514 1374 1574 1435 sed
1584 1372 1730 1436 consilio
1749 1373 1834 1436 alte-

421 1501 500 1546 rum
510 1501 575 1564 pro
590 1480 698 1545 altero
713 1465 858 1562 ponitur
866 1520 877 1560 ,
898 1477 969 1542 sire
983 1485 1021 1540 ut
1034 1477 1161 1541 rectius
1172 1477 1305 1558 dicam,
1329 1477 1499 1564 evulgari
1513 1497 1577 1567 usu
1589 1479 1771 1565 receditur,
1792 1481 1834 1540 ld

421 1589 517 1674 quod
543 1585 744 1669 nuperrime
769 1586 877 1647 homo
900 1582 1037 1667 ineptus
1055 1582 1210 1665 primum
1230 1583 1299 1646 sibi
1326 1583 1498 1648 invenisse
1522 1584 1614 1648 visus
1646 1594 1713 1662 est,
1735 1584 1834 1667 quasi

421 1693 596 1776 Antiptosi
614 1691 678 1755 illa
701 1698 735 1756 et
759 1697 953 1772 temporum
976 1689 1150 1774 enallage,
1173 1707 1276 1770 quarn
1298 1691 1436 1772 antiqui
1459 1691 1682 1754 Grammatici
1710 1699 1835 1754 statue»

420 1807 521 1877 runt,
539 1797 593 1864 nil
615 1797 684 1859 nisi
705 1795 925 1859 inscientiam
946 1802 979 1857 et
997 1794 1193 1857 socordiam
1212 1804 1326 1879 tegere
1345 1796 1543 1860 voluissent.
1565 1798 1632 1860 Sed
1650 1798 1717 1860 hoc
1730 1791 1833 1859 diffe-

420 1913 502 1970 runt
531 1923 552 1966 a
573 1901 775 1984 juniorum,
801 1900 864 1981 qui
889 1900 971 1964 illos
995 1900 1204 1984 contemptui
1224 1901 1372 1974 hahent,
1403 1901 1612 1988 arrogantia,
1642 1905 1736 1984 quod
1760 1922 1833 1965 non

418 2007 693 2094 philosophicis,
708 2025 784 2088 quae
794 2006 903 2071 nostri
909 2006 1049 2090 jactant,
1058 2009 1285 2093 argumentis,
1302 2010 1362 2072 sed
1376 2028 1440 2071 usu
1450 2006 1621 2093 loquendi
1631 2005 1833 2072 difficiliora

420 2114 650 2181 illustrabant.
670 2111 1112 2198 Antiquorumseriptorum
1123 2115 1418 2196 auctoritasquam
1429 2115 1583 2198 ipsorum
1599 2114 1738 2178 inventa
1754 2114 1832 2198 plus

421 2223 513 2304 apud
532 2221 824 2286 eosvalebant.·—
841 2221 909 2286 Sed
926 2223 969 2284 de
985 2221 1128 2284 Salustii
1146 2220 1292 2285 artificio
1311 2221 1349 2284 in
1370 2230 1564 2304 temporum
1579 2219 1832 2305 compositione

419 2345 523 2412 snpra
549 2326 728 2414 eguimus,
753 2346 868 2409 neque
892 2327 931 2392 in
955 2326 1020 2412 iis,
1045 2348 1121 2409 quae
1145 2328 1252 2414 vulgo
1281 2329 1482 2412 laudantur,
1503 2327 1604 2409 locis,
1624 2325 1726 2389 facile
1754 2325 1833 2407 qui-s

420 2442 615 2518 temporum
638 2434 881 2518 mutationem,
908 2437 968 2498 sed
994 2432 1108 2516 potius
1127 2453 1224 2497 suam
1247 2443 1410 2516 cuiusque
1439 2435 1513 2498 vim
1535 2433 1689 2499 inveniat
1720 2433 1779 2497 cfr.
1799 2445 1830 2500 3.

424 2542 538 2604 13.26.
560 2543 610 2622 76.
628 2539 689 2604 fin.
712 2542 762 2621 89.
783 2560 898 2624 neque
920 2536 1178 2622 quivissent-
1199 2538 1241 2602 ni
1243 2535 1439 2627 facerent,
1460 2541 1540 2603 vide
1561 2541 1749 2604 Comment.
1771 2539 1832 2603 cfr.

423 2664 539 2726 12.29.
559 2651 610 2721 34.
627 2667 678 2728 γι.
700 2649 822 2711 eadem
844 2655 893 2710 est
911 2647 1002 2709 ratic
1024 2653 1152 2730 tempp.
1172 2645 1492 2729 Conditionalium,
1514 2645 1572 2713 cfr.
1591 2659 1623 2712 J.
1646 2669 1694 2730 27.
1706 2645 1756 2709 85.
1770 2644 1830 2707 lin.

418 2751 454 2812 h.
476 2755 506 2812 3.
529 2772 578 2814 aa.
599 2752 688 2815 med.
700 2744 857 2840 frustra
881 2757 1083 2836 agerentur
1102 2787 1144 2800 -
1164 2748 1200 2811 si
1210 2748 1368 2836 facturi
1390 2760 1500 2814 erunt
1520 2753 1567 2814 ib.
1587 2751 1690 2815 initio
1715 2745 1750 2814 si
1759 2773 1832 2836 pp-

419 2876 503 2917 rum
529 2850 791 2920 existimaretis
810 2891 852 2907 -
873 2849 1119 2918 disserendum
1133 2848 1229 2942 fuit.
1262 2853 1321 2917 cfr.
1344 2863 1506 2937 praeteraa
1527 2859 1561 2914 G.
1589 2868 1692 2921 21..J.
1713 2859 1763 2927 43.
1777 2878 1828 2938 97.

418 2970 502 3026 extr.
521 2965 572 3042 67.
595 2963 646 3026 82.
666 2979 743 3042 quae
766 2959 885 3024 omnia
904 2958 952 3022 ita
976 2963 1171 3042 comparata
1190 2966 1292 3043 sunt,
1313 2969 1352 3022 ut
1372 2963 1464 3044 apud
1485 2960 1686 3042 scriptorem
1705 2981 1829 3044 parum

417 3066 623 3152 diligentem
644 3066 745 3129 aliter
771 3065 920 3149 exprimi
948 3063 1145 3149 potuerint,
1166 3068 1227 3131 sed
1251 3065 1291 3127 in
1311 3065 1505 3129 Salustiano
1535 3064 1676 3129 dicendi
1703 3086 1829 3150 genere
1910 3139 1911 3142 γ

417 3173 519 3237 unice
536 3172 715 3237 vera‘sint.
733 3209 776 3225 -
797 3174 926 3237 Cetera
945 3170 1159 3255 locutiones,
1180 3192 1257 3253 quae
1284 3171 1388 3236 variis
1412 3171 1600 3256 figurarum
1628 3171 1829 3235 nominibus

417 3280 523 3364 vulgo
550 3280 1002 3364 comprehenduntur,*suo
1024 3299 1174 3359 quaeque
1203 3279 1282 3342 loco
1310 3286 1390 3341 sunt
1419 3277 1602 3362 explicitae3
1628 3285 1761 3344 tantum
1785 3281 1828 3342 de

416 3382 554 3472 Ellrpsi
575 3406 685 3470 pauca
709 3388 844 3449 addam.
869 3386 899 3447 J.
933 3405 1001 3448 roo.
1028 3387 1068 3448 in
1094 3381 1266 3448 hiberna:
1296 3386 1370 3448 scil.
1397 3372 1634 3469 proficiscitur.
1665 3384 1725 3448 cfr.
1745 3387 1827 3448 Ter.

329 3543 332 3551 ,
410 3491 558 3568 Andria.
584 3517 611 3556 ι.
629 3498 659 3556 3.
675 3511 725 3555 21.
747 3500 780 3557 et
800 3491 941 3554 Ruhnk.
963 3493 1007 3554 ad
1029 3492 1062 3553 h.
1082 3491 1106 3562 1.
1130 3511 1196 3572 ιο9.
1219 3485 1337 3578 igitur·
1353 3492 1480 3556 Sulla:
1499 3511 1543 3556 sc.
1568 3489 1755 3575 respondit.
1775 3507 1827 3566 24.
1909 3529 1912 3538 ·

418 3595 516 3662 nihil
530 3599 581 3662 ad
597 3619 656 3664 vos
674 3617 720 3662 sc.
741 3596 922 3684 pertineat.
937 3599 972 3660 C.
983 3598 1035 3674 48.
1049 3592 1514 3688 potestntnmsaeiundam
1534 3597 1617 3680 (ubi
1633 3619 1674 3661 ex
1692 3601 1827 3662 enteca·

420 3704 579 3770 dentibus
598 3700 788 3792 indicandi
798 3705 1058 3790 supplendum.)
1079 3709 1138 3768 cfr.
1150 3707 1186 3771 C.
1204 3709 1254 3766 3ο.
1275 3704 1368 3768 solet
1383 3699 1664 3794 sapius(saeere
1676 3703 1731 3766 vel
1738 3699 1831 3784 fieri

405 3809 570 3894 omissis)
589 3811 741 3897 positum
766 3810 828 3874 cfr.
855 3813 890 3874 Ο.
913 3816 963 3874 llo.
989 3810 1020 3876 J.
1042 3812 1091 3890 96.
1122 3813 1201 3873 Non
1225 3819 1452 3873 numerantur
1471 3809 1563 3875 inter
1588 3810 1744 3894 ellipses,
1764 3808 1832 3871 ubi-

418 3935 459 3977 ex
476 3919 595 3991 verbo,
613 3920 708 3998 quod
728 3917 926 4002 antecessit,
946 3915 1061 3980 simile
1073 3919 1249 3997 quoddam
1266 3915 1535 3999 intelligendum
1553 3925 1621 3993 est,
1643 3915 1703 3978 cfr.
1723 3918 1758 3978 C.
1776 3939 1824 3979 ιι.

416 4022 506 4082 med.
523 4021 554 4104 l.
578 4042 626 4103 ιγ.
647 4023 696 4084 25.
716 4043 766 4102 71.
785 4023 844 4086 fin.
865 4025 915 4086 82.
937 4045 1002 4103 ιο9.
1024 4018 1145 4086 redire
1152 4019 1278 4112 jubet,
1300 4022 1344 4084 de
1372 4043 1439 4102 qua
1461 4023 1601 4086 dicendi
1621 4021 1827 4086 rationein·

417 4125 571 4190 calente-r
594 4138 737 4211 egerunt
757 4127 959 4212 interpretes
978 4131 1022 4190 ad
1043 4129 1120 4191 Ter.
1140 4126 1306 4189 Andriam
1322 4128 1379 4192 IV.
1397 4129 1424 4188 ὁ.
1446 4132 1493 4190 ι8.

498 4230 673 4296 Multa-ex
697 4232 824 4295 Graecis
850 4234 1001 4298 hausisse
1021 4233 1207 4297 Salustium
1227 4239 1260 4294 et
1278 4240 1430 4320 veterum
1455 4234 1660 4296 criticorum
1684 4231 1750 4296 fuit
1771 4231 1828 4310 ju·

416 4336 546 4400 dicium
561 4337 763 4424 (Quinctil,
773 4339 830 4402 IX.
843 4342 881 4419 ὅ.)
896 4351 928 4404 et
943 4339 1174 4425 plurimorum
1186 4340 1344 4403 locorum
1361 4339 1615 4422 comparatione
1636 4339 1826 4402 docuimus.
