4282 5390
1625 437 1644 448 “
1697 475 1750 562 ἰ7Α
1822 524 1826 532 .

339 647 414 717 uir.
432 643 521 733 Epir.
541 642 627 711 XCI.
653 635 764 708 Paulo
785 635 864 728 post
880 637 1009 711 iterum
1030 641 1110 710 omn
1132 641 1255 713 eodem
1280 645 1423 733 'ejusque
1446 645 1553 720 tratre
1572 651 1647 719 acie
1663 673 1748 720 eon·

340 754 429 822 uixit
450 755 554 839 'apud
577 750 775 839 segoviam,
795 740 859 814 ubi
878 751 948 814 duo
966 748 1087 818 fratres
1106 741 1336 819 interfecti'et
1357 756 1467 838 maior
1482 777 1562 845 pars
1580 761 1750 828 exercitus

340 859 468 926 amissa
486 866 546 926 est.
565 856 623 922 etr.
643 857 741 930 Oros
754 856 780 918 l.
797 849 824 920 l.
843 854 933 919 Flor.
953 859 984 920 3.
1005 873 1055 920 ra.
1069 856 1109 941 ο)
1135 860 1271 924 Interea
1286 860 1488 948 Pompejus,
1508 863 1566 948 θ’)
1587 887 1666 929 cum
1686 868 1749 932 Se-

241 1043 245 1050 ,
279 1021 281 1024 .
337 965 473 1054 gidam,
489 960 647 1032 nobilem
657 959 849 1026 Celtiberia
863 961 1004 1038 urbem,
1023 967 1158 1046 captam
1170 971 1319 1050 teneret,
1341 964 1402 1031 cfr.
1411 968 1510 1032 Oros.
1523 970 1548 1030 1.
1565 971 1589 1031 l.
1602 969 1767 1035 Sertorii*

337 1070 483 1158 legatos,
504 1065 722 1132 Herennium
752 1072 787 1130 et
805 1065 1042 1150 Perpernam,
1073 1066 1168 1131 baud
1196 1071 1319 1155 procul
1340 1054 1427 1137 urbe
1446 1071 1607 1138 Valentia
1636 1079 1748 1136 castra

338 1176 519 1258 habentes,
541 1171 724 1258 oppressit,
745 1169 893 1256 amplius
910 1172 951 1234 X.
975 1169 1089 1234 millia
1114 1174 1269 1238 hostium
1295 1177 1469 1244 interfecit
1491 1179 1670 1264 ipsamque
1685 1199 1748 1241 ur·

336 1280 418 1347 bem
437 1279 635 1344 Valentiam
656 1283 763 1358 manu
784 1277 885 1362 cepit.
913 1277 1003 1343 Plut.
1032 1277 1159 1363 Pomp..
1179 1301 1208 1342 c.
1243 1282 1290 1348 ιθ.
1321 1283 1420 1348 Oros.
1441 1283 1505 1348 ll.
1536 1286 1606 1348 Sal.
1624 1284 1749 1369 fragm.

337 1385 367 1448 ³.
387 1405 438 1448 rr.
459 1383 563 1469 Epist.
581 1384 701 1467 Pomp.
719 1384 764 1445 ad
784 1382 860 1449 Seu.
893 1384 968 1466 Quo
987 1379 1078 1466 facto
1102 1390 1137 1446 et
1157 1384 1329 1448 Sertorius
1348 1395 1383 1449 et
1401 1389 1603 1470 Pompeius,
1630 1388 1694 1451 ille
1707 1389 1749 1450 ut

337 1491 465 1554 damna
494 1493 633 1572 accepta
655 1484 857 1568 resarciret,
886 1485 946 1550 bic
963 1485 1118 1552 victoriae
1135 1503 1195 1572 spe
1211 1484 1339 1568 elatus,
1356 1483 1431 1548 acie
1448 1488 1634 1552 decernere
1647 1491 1750 1580 ,festia
1837 1475 1861 1570 ⁵,

336 1597 464 1658 narunt
472 1634 484 1673 ,
503 1591 707 1677 priusquam
723 1589 885 1658 Metellus
903 1609 982 1658 eum
1000 1589 1131 1661 victore
1146 1588 1297 1662 exercitu
1315 1589 1504 1661 adveniret.
1522 1591 1613 1658 Plut.
1627 1594 1750 1680 Pomp.

337 1717 366 1762 c.
389 1720 439 1780 ¹9·

331 1820 333 1826 ·
415 1793 527 1890 Igitur
541 1807 635 1891 apud
660 1806 849 1872 Sucronem
871 1807 1017 1874 flurium
1035 1808 1199 1896 proelium
1216 1808 1465 1891 committitur3
1493 1809 1603 1876 dubio
1622 1809 1750 1874 eventu

335 1917 545 1994 pugnatum,
565 1911 616 1976 ita
638 1921 678 1976 ut
693 1912 832 1998 singula
853 1933 895 1980 ex
916 1923 1063 2000 utraque
1080 1924 1180 2002 parte
1197 1935 1328 1996 cornua
1341 1917 1529 1983 vincerent.
1559 1916 1633 1979 Liv.
1657 1912 1750 1996 Epit-

335 2014 456 2080 xcssl.
476 2016 567 2080 Flor.
584 2017 610 2080 1.
627 2018 652 2080 l.
674 2020 846 2085 Sertorius
869 2021 980 2102 enim,
999 2042 1069 2102 quo
1089 2022 1129 2086 in
1150 2023 1226 2086 loco
1246 2024 1321 2108 ipse
1339 2042 1466 2110 pugnae
1483 2019 1614 2106 adluit,
1632 2022 1751 2084 hostes

334 2117 420 2180 vicit
438 2138 627 2198 eorumque
645 2125 763 2184 decem
779 2125 893 2182 millia
912 2125 1104 2198 interiecit3
1125 2131 1203 2194 sed,
1223 2132 1308 2180 duur
1324 2131 1395 2182 suis
1409 2130 1666 2191 laborantibus,
1687 2120 1752 2194 qui

334 2235 357 2281 a
375 2217 542 2299 Po‘mpejo
558 2223 825 2296 premebantur,
845 2221 1109 2306 amiliumtert,
1131 2225 1239 2278 eastra
1259 2219 1332 2295 ejus
1353 2221 1397 2282 ab
1410 2217 1572 2296 Afranio,
1592 2218 1752 2304 Pompeji

335 2322 463 2406 legato,
475 2322 575 2399 capta
587 2320 678 2382 sunt,
690 2311 750 2372 cfr.
762 2312 908 2392 Appian.
918 2315 959 2372 Br
973 2313 1079 2404 cie-1.
1086 2334 1116 2378 c.
1128 2335 1195 2380 110.
1205 2319 1389 2399 Pompejus
1403 2323 1489 2406 ipse,
1504 2323 1667 2386 omnibus
1677 2323 1750 2386 s'uis

334 2424 420 2510 fuga
428 2419 607 2504 dispersis,
618 2415 835 2488 vulneratus,
846 2413 886 2474 in
900 2416 1090 2474 extremum
1100 2412 1295 2491 periculum
1302 2417 1413 2501 venit,
1434 2440 1498 2486 neo
1509 2425 1581 2488 nisi
1592 2445 1682 2504 equo
1693 2426 1757 2492 ui.-

331 2527 439 2594 misso
459 2522 614 2588 bostium
641 2517 801 2582 manibus
826 2513 963 2598 elapsus
987 2518 1047 2578 est.
1079 2510 1170 2576 Plut.
1189 2515 1309 2602 Pomp.
1328 2539 1378 2600 19.
1399 2521 1469 2584 (lie.
1486 2543 1552 2605 pro
1573 2528 1691 2596 Balbo.
1719 2550 1751 2594 2.
1852 2569 1854 2574 ·

335 2634 433 2698 Oros.
449 2632 474 2696 l.
490 2631 514 2694 1.
533 2625 677 2711 lippiam
696 2626 732 2686 Β.
756 2621 827 2685 Cir.
842 2620 870 2681 Ι.
888 2637 958 2687 ιιο.
990 2618 1080 2684 Plut.
1096 2619 1224 2687 Sertor.
1246 2640 1296 2701 19·
1327 2623 1396 2688 Die
1413 2634 1551 2710 postero
1566 2628 1641 2706 jam
1652 2630 1693 2692 in
1706 2653 1750 2698 eo

336 2743 424 2815 erat,
443 2743 484 2799 ut
500 2721 662 2820 proelium
683 2727 993 2813 redintegraretur,
1021 2725 1100 2800 sed,
1127 2725 1264 2792 Metelli
1287 2729 1438 2796 adventu
1456 2733 1615 2820 cognito,
1635 2736 1750 2802 Serto-

336 2841 411 2906 rius
433 2859 513 2906 cum
532 2837 603 2902 suis
625 2853 661 2900 se
682 2833 822 2918 recepit.
849 2830 940 2894 Plut.
964 2829 1085 2915 Pomp.
1103 2851 1151 2912 ¹9·
1170 2831 1261 2896 Tum
1279 2853 1343 2917 per
1354 2835 1490 2918 aliquot
1504 2839 1579 2903 dies
1595 2843 1751 2925 pugnam

338 2945 550 3029 detrectavit,
563 2946 685 3019 donee,
703 2939 858 3004 militum
874 2933 1001 3000 animis
1015 2935 1228 3001 confirmatis
1241 2947 1275 3003 et
1292 2938 1410 3006 furore
1427 2940 1548 3007 divino
1566 2943 1752 3033 instinctis,
1772 3017 1774 3024 ¹

337 3057 470 3118 tanum
489 3057 656 3115 terrorem
667 3044 798 3125 junctis
816 3040 971 3107 hostium
990 3041 1196 3109 exercitibus
1208 3042 1338 3130 injecit,
1361 3049 1416 3130 ut,
1435 3044 1579 3110 Metello
1597 3056 1750 3134 auctore,

338 3159 443 3222 duces
453 3156 528 3222 acie
548 3159 721 3221 decertare
737 3153 943 3215 recusarent.
963 3147 1327 3235 Frontin.Stratag.II.
1348 3172 1375 3213 1.
1390 3154 1418 3213 3.
1439 3152 1605 3237 Tandem,
1619 3156 1748 3218 Roma-

331 3260 396 3325 nis
406 3259 499 3326 tame
521 3266 555 3324 et
577 3255 695 3338 inopia
709 3249 924 3331 excruciatis,
944 3249 983 3312 in
999 3269 1082 3336 agro
1099 3252 1289 3339 Saguntino
1303 3254 1553 3323 atrocissimum
1570 3259 1748 3342 proelium,

269 3375 282 3440 j
312 3423 315 3430 ,
339 3350 1117 3443 interm-umqueexereitumcommissumest‚
1136 3357 1635 3446 ubiSertoriuscumequitatu
1644 3363 1747 3428 Pom·-

433 3678 487 3765 ')'
507 3681 691 3766 Perperam
711 3679 834 3746 Florus
863 3681 954 3746 hane
972 3699 1126 3770 pugnam
1153 3685 1233 3752 ante
1254 3684 1424 3751 Lauronis
1441 3680 1661 3747 ohsidionem
1674 3678 1748 3746 iao-

339 3793 410 3852 tam
423 3803 494 3852 esse
503 3785 638 3864 statuit,
652 3788 712 3850 sed
728 3794 808 3850 ante
821 3788 1034 3864 Sucronense
1043 3788 1207 3875 prolium
1216 3790 1410 3866 Hirtulejos
1424 3785 1623 3853 interfectos
1640 3783 1747 3853 fuisse
1799 3797 1802 3804 ’

339 3892 436 3959 testis
458 3897 509 3958 est
530 3890 684 3955 Frontin.
702 3891 845 3976 Stratag.
862 3893 907 3958 11.
926 3917 954 3975 7.
979 3893 1008 3956 ⁵.

420 3995 479 4080 ⁰⁰)
497 3996 630 4060 Erravit
653 3995 796 4063 Debros.
817 3998 913 4078 quod
931 3994 1005 4078 jam
1022 3996 1091 4060 boc
1110 4015 1204 4060 anno
1222 3993 1377 4081 Pompeji
1402 3994 1589 4062 exercitum
1614 3993 1747 4056 duabus

339 4101 537 4190 legionibus
550 4108 689 4165 auctum
707 4119 778 4166 esse
793 4100 930 4180 statuit3
947 4099 1008 4166 cfr.
1024 4100 1171 4185 Appian.
1187 4121 1255 4164 ιιι.
1276 4099 1365 4161 Plut.
1376 4100 1510 4164 Lucull.
1527 4121 1555 4162 c.
1575 4093 1605 4160 ὁ.
1625 4099 1746 4182 Pomp.

343 4226 388 4272 ao.
410 4211 527 4292 Neque
540 4212 591 4272 est
608 4203 800 4291 probabile,
818 4212 898 4271 ante
916 4205 1043 4291 literas,
1058 4225 1081 4270 a
1097 4201 1263 4292 Pompejo
1274 4204 1321 4268 ad
1336 4201 1501 4270 Senatum
1518 4205 1628 4286 datas,
1647 4198 1746 4266 auxi·

341 4309 392 4376 lia
412 4312 451 4378 in
474 4311 678 4411 Hispaniam
698 4310 802 4400 missu
817 4309 932 4382 tuboe

1422 4415 1446 4490 3
