4282 5390
1656 483 1708 583 69

294 649 422 744 iectirc
435 641 630 746 conjuncti,
650 658 832 725 nonnullis
840 667 955 728 tamen
963 661 1049 728 locis
1062 659 1292 748 aperteflnem
1302 673 1340 732 et
1349 661 1535 734 consilinm
1548 671 1717 760 designat.

300 769 431 852 Neque
451 763 545 831 mili
562 760 658 831 satie
677 763 828 832 consilii
843 775 907 833 est.
925 768 950 834 i.
972 789 1003 835 e.
1018 769 1110 833 baud
1124 769 1227 837 facile
1249 775 1468 856 decerneres,
1487 797 1609 862 supra:
1627 781 1717 847 deli·

301 872 419 940 buari
441 893 514 938 non
541 881 671 960 potest,
695 873 822 939 simiiis
841 885 892 942 est
920 875 1090 943 formula:
1117 885 1168 944 est
1195 879 1265 945 mei
1287 881 1446 958 eonsilii;
1476 882 1649 951 secordia·
1667 887 1718 956 its

303 979 414 1049 vatic.
434 998 464 1044 s.
487 981 521 1045 et
537 979 670 1044 Balliol.
693 982 758 1066 qui
773 979 943 1048 uidemini
959 981 1106 1050 intenta
1123 987 1247 1065 mala,
1264 983 1372 1071 quasi
1379 983 1552 1078 fulmen
1575 999 1717 1080 optare,

303 1081 514 1170 sequerisque
532 1107 578 1151 ne
591 1080 770 1178 attingat.
788 1090 863 1156 hec
885 1111 927 1158 ex
950 1093 1070 1157 Graeco
1083 1111 1265 1225 expressa,
1286 1115 1363 1178 quse
1378 1097 1559 1159 commode
1578 1095 1718 1163 itener-

304 1197 376 1258 tere
392 1191 492 1269 licet·
512 1221 543 1265 oi
533 1182 741 1337 ipsiius
693 1221 741 1267 rc
757 1182 911 1295 usqimi
927 1185 1045 1278 seui,
1065 1196 1111 1282 cie
1130 1188 1299 1297 aequeris,-
1319 1184 1441 1283 iacere
1460 1184 1718 1302 textricum?

298 1305 423 1386 καθ’
406 1299 524 1388 tauris
540 1300 685 1407 γίνηται.
709 1333 810 1460 εῳΐιεΗ
804 1329 951 1395 contulit
965 1331 1132 1394 Gruterus
1143 1329 1187 1393 ad
1202 1330 1280 1394 Liv.
1288 1346 1315 1393 1.
1333 1333 1391 1408 383
1383 1333 1625 1469 ·Dcmpstheu
1634 1329 1721 1396 Phi

299 1581 392 1653 ονπερ
423 1555 450 1629 oi
477 1585 530 1643 την
556 1543 770 1652 guiddoti*
752 1588 869 1662 εμοιγε
897 1555 1025 1637 descire
1043 1555 1167 1662 Scap
1136 1585 1187 1638 eu·
1216 1548 1384 1664 ἐυχόμενοι
1402 1592 1451 1664 μη
1442 1549 1597 1638 καθ’
1582 1551 1718 1650 soweie
1749 1629 1751 1634 ,

197 1683 204 1692 ’
298 1658 415 1756 glutiti
443 1664 623 1770 yttttfioets
652 1667 787 1758 mittitis
808 1678 838 1756 p·
858 1679 1155 1785 otiitictmxttectt.
1184 1696 1269 1782 Quae
1290 1695 1450 1778 quicum
1469 1687 1604 1758 Latinis
1620 1714 1716 1758 com·

297 1792 469 1876 paraverit
488 1795 639 1862 Salustio
659 1798 812 1882 palmam
838 1802 957 1865 deberi
978 1823 1048 1864 non
1069 1801 1229 1888 negabit,
1250 1801 1381 1887 quippe
1405 1801 1466 1882 qui
1491 1809 1525 1866 et
1547 1809 1627 1886 apta
1641 1819 1719 1864 ver·

296 1897 420 1961 borum
433 1904 686 1988 compositione
702 1913 736 1970 et
753 1905 923 1970 brevitate
938 1906 1109 1968 orationis
1122 1914 1160 1967 'et
1174 1907 1352 1972 sententiar
1370 1906 1604 1970 concinnitate
1621 1909 1717 1972 Grae·

267 2047 270 2056 ‹
296 2023 336 2068 ca
354 2005 460 2092 longe
479 2009 669 2092 superavit3
692 2019 844 2075 ceterum
862 2013 962 2094 mala
980 2007 1126 2074 intenta
1148 2008 1331 2087 dicuntur,
1353 2029 1430 2092 quae
1447 2012 1579 2074 instant
1597 2022 1630 2076 et
1649 2012 1718 2074 im·

297 2108 441 2172 minent.
463 2113 524 2171 cfr.
548 2114 616 2172 Cic.
641 2114 680 2176 in
698 2116 766 2176 Pis.
788 2138 824 2177 2:
850 2115 984 2176 intenta
1012 2116 1081 2174 tela
1102 2113 1236 2192 jugulis
1262 2113 1429 2188 civitatis,
1456 2123 1490 2170 et
1509 2115 1585 2173 Vel.
1607 2115 1716 2178 Flacc.

294 2214 424 2298 Argon.
457 2213 486 2275 5.
515 2217 587 2288 340.
620 2234 687 2276 nex
716 2216 859 2276 intenta.
881 2233 991 2292 quam
1023 2231 1200 2274 convorsa
1227 2229 1350 2271 rerum
1378 2217 1518 2274 natura
1549 2209 1609 2275 sit.
1635 2214 1660 2276 i.
1686 2233 1716 2282 e.
1748 2221 1750 2226 '

295 2336 402 2402 quiam
425 2336 589 2380 conversa
606 2314 810 2398 reipublice)
834 2315 1116 2378 administrandae
1142 2313 1301 2377 condicio
1321 2313 1374 2376 sit.
1394 2315 1461 2378 Sed
1478 2316 1551 2379 haee
1566 2317 1716 2442 plenius,

295 2429 334 2486 ut
352 2421 463 2486 multa
472 2421 549 2481 alia
565 2419 765 2479 dictasunt
783 2417 921 2474 sedvel
939 2417 995 2472 his
1011 2418 1128 2480 uerbis
1145 2435 1266 2472 eorum
1286 2417 1460 2494 ignaviam
1480 2432 1631 2500 accusat,
1653 2424 1717 2506 qui

297 2527 425 2592 timore
445 2522 634 2608 compulsi,
654 2541 699 2584 ne
720 2519 760 2582 id
781 2517 924 2598 quidem
945 2515 1085 2598 exsequi
1107 2511 1300 2594 audebant,
1324 2537 1401 2597 quae
1421 2519 1623 2602 reipublice
1648 2529 1717 2594 uti

294 2632 346 2700 lia
367 2652 437 2700 esse
458 2609 723 2705 intellexerunt3
746 2621 926 2706 sequentia
947 2621 1042 2686 enim
1069 2641 1142 2683 rem
1164 2621 1349 2703 explicant.
1373 2618 1566 2710 niciforte
1584 2632 1717 2709 pudet-

296 2731 544 2825 rectesccere.
559 2769 602 2786 -·
614 2754 694 2816 pan
714 2736 750 2794 et
769 2722 971 2794 concordia
991 2726 1040 2786 ita
1059 2725 1169 2788 Vatic
1175 2746 1217 2786 1.
1242 2746 1271 2786 2.
1290 2726 1449 2810 copulam
1472 2729 1644 2798 editiones
1661 2755 1717 2802 re·

298 2840 469 2908 centiores
492 2838 723 2914 omittunt-7·
748 2835 814 2901 An
838 2827 970 2915 Lepidi
994 2830 1174 2894 mandata
1203 2837 1265 2892 etc.
1285 2830 1425 2892 Scilicet
1450 2835 1602 2916 Lepidus
1620 2841 1716 2906 haud

265 2965 269 2974 ·
305 2945 412 3011 dubie
431 2944 563 3032 legatos
579 2944 728 3005 Romam
749 2939 908 3021 miserat,
927 2935 989 3018 qui
1008 2935 1103 3020 pacis
1119 2934 1342 2998 condiciones
1361 2937 1497 3000 senatui
1511 2943 1715 3027 populoque

191 3104 195 3116 ,
295 3055 453 3117 Romano
479 3052 733 3133 proponerent,
762 3048 858 3109 etde
882 3043 1018 3128 legibus
1043 3041 1215 3105 Corneliis
1235 3035 1444 3128 abrogandis
1465 3057 1625 3130 agerent3
1645 3053 1713 3118 hoo

298 3138 393 3224 eninr
414 3157 516 3220 illum
542 3154 750 3239 postulasse,
780 3168 822 3213 ex
844 3148 1066 3230 sequentihus
1086 3147 1307 3211 manifestum
1330 3158 1389 3212 est.
1418 3146 1600 3216 civitatem
1624 3175 1713 3220 con·

295 3257 465 3345 firmari,
486 3256 616 3340 quibus
630 3257 837 3334 ademptam
861 3261 984 3341 negat.
999 3255 1067 3315 hoc
1086 3274 1126 3318 eo
1149 3252 1319 3338 pertinet,
1339 3256 1434 3335 quod
1451 3256 1601 3339 Lepidus
1617 3260 1715 3349 leges

299 3364 479 3432 Cornelias
494 3369 593 3424 antea
604 3365 885 3445 negaveratratas
904 3377 975 3422 esse
994 3359 1188 3441 habendas,
1207 3368 1325 3442 postea
1343 3370 1474 3438 autem,
1493 3384 1571 3428 cum
1587 3369 1630 3429 de
1646 3387 1713 3451 pa·
1785 3378 1790 3387 '

298 3492 348 3546 ce,
362 3469 600 3555 componenda
621 3471 798 3550 ageretur,
820 3461 1011 3548 civitatem,
1032 3485 1109 3544 quae
1129 3464 1254 3529 iisdem
1275 3468 1428 3554 legibus,
1456 3471 1605 3532 Etruscis
1626 3471 1715 3537 civi·

220 3569 224 3576 ’
298 3578 426 3644 tatibus
444 3578 604 3658 adempta
623 3569 910 3656 fuerat,.iterum
929 3569 1165 3634 confirmatam
1188 3573 1310 3636 voluit.
1333 3571 1456 3656 plebei
1469 3571 1710 3646 tribuniciam

268 3769 275 3778 ·
293 3688 515 3782 potestatem
534 3675 693 3746 restitui.
710 3677 827 3764 plebei
850 3680 944 3759 quod
956 3677 1213 3760 antiquioribus
1233 3679 1448 3746 editionibus
1468 3680 1633 3745 omissum
1649 3693 1715 3771 est,¹

297 3789 406 3853 codd.
427 3787 595 3871 retinent,
615 3784 795 3849 confirmat
816 3784 1030 3869 Priscianus,
1050 3786 1177 3868 etipsa
1199 3787 1367 3851 orationis
1390 3786 1605 3851 concinnitas
1626 3789 1711 3854 satis

298 3891 464 3959 defendit.
492 3913 582 3975 quos
593 3913 664 3975 per
673 3891 790 3977 fidem
819 3897 887 3953 aut
901 3887 1074 3978 perjurio
1095 3889 1262 3969 violasti,
1282 3889 1454 3978 significat
1478 3893 1583 3958 fidem
1602 3913 1622 3958 a
1642 3897 1709 3962 Le·

297 3998 379 4084 pido
403 3997 538 4062 senatui
565 3999 701 4082 datam,
721 4015 757 4061 sc
783 4017 862 4059 cum
889 3995 1010 4059 Catulo
1039 3999 1082 4060 dc
1103 3996 1251 4061 civitatis
1273 3997 1385 4059 forme
1410 4001 1576 4062 mutanda
1600 4000 1707 4068 armis

299 4123 369 4168 non
392 4120 465 4170 esse
484 4111 712 4182 certaturum
740 4121 844 4184 quam
864 4101 970 4166 fidem
991 4123 1070 4167 cum
1090 4102 1268 4168 fefellisset
1288 4101 1413 4164 rectius
1431 4104 1624 4187 perjurium
1649 4105 1705 4170 di·

300 4209 458 4290 cebatur;
487 4209 538 4273 ita
560 4207 647 4273 fides
668 4205 791 4291 saepius
819 4217 1013 4292 usurpatur.
1047 4206 1109 4277 cfr.
1140 4207 1250 4268 Plaut.
1272 4206 1420 4272 Mostell.
1442 4223 1471 4270 a.
1494 4225 1523 4272 n.
1540 4211 1599 4284 683
1631 4209 1705 4275 Lir.

300 4335 328 4385 r.
347 4335 385 4396 9:
403 4336 466 4405 per
482 4315 534 4382 fas
550 4322 584 4442 et,
601 4313 708 4382 fidem
729 4312 874 4399 decepti.
895 4311 955 4379 cfr.
977 4311 1130 4382 Perizon.
1141 4312 1186 4378 ad
1204 4310 1315 4375 sanct.
1331 4331 1360 4378 r.
1385 4312 1432 4378 ιδ.
1451 4319 1485 4380 et
1503 4314 1638 4380 Gruter.
1657 4314 1704 4376 ad
