4230 5348
1676 475 1740 530 111

335 643 430 711 Sulla
449 641 488 708 in
500 641 616 706 Asiam
634 647 854 726 pervenerat,
874 641 1015 706 Arsaces
1032 641 1157 728 populi
1171 642 1323 707 Romani
1337 638 1527 710 amicitiam
1542 643 1696 712 coluerat
1716 655 1751 714 et

334 754 463 820 iterum
490 747 536 812 ad
560 747 744 818 Lucullum
771 747 903 834 legatos
927 745 1038 814 toedus
1067 757 1102 816 et
1131 749 1322 815 amicitiam
1345 759 1501 836 petentes
1519 753 1669 820 miserat.
1690 751 1751 820 cfr.

335 858 426 922 Plut.
444 859 527 920 Luc.
540 859 598 936 303
617 853 763 940 A'ppian.
784 855 842 936 87:
863 853 1035 928 Ceterum
1050 852 1245 922 eonsilium
1260 863 1324 925 est.
1346 859 1443 922 locus
1454 858 1692 939 difficillimus,
1711 863 1752 926 in

337 983 409 1047 quo
427 961 500 1041 jam
520 959 657 1042 antiqui
676 959 1131 1046 Grammaticihaesitarunt.
1158 963 1317 1030 Charisio
1344 965 1440 1029 enim
1454 973 1593 1030 auctore
1615 989 1650 1050 p.
1674 987 1752 1049 1773

336 1069 444 1154 Asper
462 1074 559 1133 vetus
582 1062 725 1132 Salustii
742 1061 913 1152 interpres
935 1073 1108 1132 craterum
1135 1077 1196 1134 aut
1216 1089 1279 1157 per
1295 1065 1464 1154 alioquin
1494 1077 1555 1134 aut
1582 1069 1645 1155 per
1666 1067 1755 1140 reli·

336 1193 448 1258 quum
459 1173 675 1240 reddendum
684 1191 757 1239 esse
770 1172 898 1237 statuit.
906 1169 1038 1238 Charis.
1054 1171 1128 1259 ipse
1138 1177 1243 1241 verba
1257 1171 1346 1242 belli
1350 1173 1595 1261 prudentibus
1606 1177 1756 1254 addidit,
1790 1161 1797 1164 ’

334 1281 430 1344 haud
446 1279 567 1363 dubie,
582 1277 668 1362 quia
684 1279 784 1346 locus
795 1283 827 1345 ei
840 1278 1021 1346 obscurior
1038 1299 1111 1348 esse
1125 1270 1325 1366 videbatur-3
1342 1305 1423 1348 nam
1434 1286 1507 1352 haec
1517 1287 1756 1350 omnesGodd.

239 1407 243 1412 ·
336 1393 370 1450 et
391 1385 461 1470 ipsi
481 1384 645 1473 Vaticani¹
661 1383 840 1472 ignorant;
870 1389 932 1453 sed
959 1385 1056 1452 idem
1080 1391 1197 1473 parvo
1219 1391 1346 1455 labore
1363 1390 1500 1468 omisit,
1520 1411 1598 1475 quae
1621 1398 1657 1456 et
1679 1389 1756 1476 ipse

248 1485 251 1498 '
336 1489 485 1554 multum
507 1489 726 1556 obscuritatis
746 1491 888 1556 habent.
907 1491 1062 1577 primum
1087 1493 1316 1580 igiturquod
1332 1496 1498 1562 lectionis
1522 1498 1756 1583 integritatem

335 1594 477 1670 attinet,
501 1596 596 1660 hunc
614 1595 731 1663 locum
743 1596 819 1676 jam
835 1596 886 1662 ita
900 1597 1123 1666 scribendum
1141 1609 1176 1665 et
1190 1600 1509 1688 interpungendum
1531 1622 1604 1668 esse
1621 1617 1755 1668 censeo.

336 1699 521 1768 Caeterum
531 1697 725 1768 consitium
737 1711 792 1767 est
808 1698 1000 1792 Tigranis,
1021 1727 1137 1795 regno
1155 1703 1325 1798 integro,
1346 1703 1436 1772 meis
1453 1695 1633 1772 militibus
1644 1751 1655 1790 ,
1666 1727 1759 1791 pro·

304 1798 306 1804 ’
337 1800 402 1869 eut
422 1803 471 1868 ab
490 1808 616 1892 domo,
639 1799 930 1894 parvo'lobore,
954 1831 1023 1893 per
1044 1819 1179 1877 nostra
1201 1833 1380 1896 corpora,
1406 1812 1540 1878 bellum
1561 1812 1758 1899 eorffieeres
1828 1845 1854 1887 μ

337 1931 409 1994 quo
432 1932 548 1993 neque
561 1909 722 1998 vincere,
742 1909 859 1998 neque
876 1911 980 1980 vinei
993 1913 1073 1980 sine
1093 1922 1159 1980 tuo
1179 1913 1352 2001 periculo
1371 1936 1581 1999 possumus.
1604 1953 1647 1972 -·
1671 1911 1760 1981 betti

330 2012 579 2098 prudentibus
602 2019 862 2104 omittendum,¹
890 2023 987 2103 quod
1008 2022 1059 2096 ab
1080 2021 1246 2085 omnihus
1272 2021 1428 2104 ipsisque
1441 2022 1627 2090 'Vaticanis
1650 2023 1759 2086 codd.
1871 2037 1876 2044 '

336 2119 472 2182 absunt.
501 2139 574 2200 quo
597 2140 639 2184 cx
665 2125 742 2186 Vat.
768 2145 797 2183 ι.
821 2122 1044 2186 scribendum
1070 2127 1165 2186 unde
1190 2123 1339 2205 vulgatae
1359 2122 1527 2187 lectiones
1556 2123 1758 2211 quomodo,

338 2221 504 2306 quando,
525 2229 560 2287 et
574 2241 667 2285 eum
694 2226 790 2304 quod
818 2223 857 2288 in
884 2226 960 2291 Vat.
975 2209 1014 2292 a.
1039 2230 1107 2306 est,
1128 2232 1214 2290 ortae
1234 2243 1306 2290 esse
1329 2225 1502 2292 videntur.
1527 2227 1625 2292 loeus
1648 2228 1756 2313 paulo

336 2327 542 2413 impedit'or
568 2328 767 2408 quodcum
795 2327 903 2392 verbo
927 2327 1029 2392 finito
1058 2330 1177 2414 plures
1208 2329 1353 2396 ablativi
1385 2330 1662 2420 conjunguntur3
1694 2335 1757 2400 sed
1817 2338 1820 2344 '

336 2433 422 2499 inde
439 2454 488 2497 nu
503 2431 539 2495 la
561 2430 767 2530 corruptelae
789 2431 942 2514 suspicio
960 2435 1151 2515 movenda,
1172 2437 1269 2515 quod
1287 2436 1356 2498 hoc
1370 2436 1513 2502 dicendi
1533 2457 1643 2526 genus
1658 2438 1756 2505 Salu·
1800 2527 1803 2532 Ι

337 2539 405 2604 stio
427 2542 697 2603 consentaneum
715 2551 788 2601 esse
803 2533 877 2612 J'am
895 2533 1021 2620 saepius
1036 2536 1228 2602 docuimus.
1252 2538 1314 2604 cir.
1330 2541 1375 2602 ad
1398 2545 1459 2602 Cat
1478 2561 1527 2622 γα
1547 2539 1756 2632 incastris,

337 2643 611 2730 perlatorem,
645 2661 725 2706 usu.
750 2675 793 2695 ι-
811 2640 918 2706 totius
931 2636 1030 2720 loci,
1056 2648 1096 2706 ut
1128 2663 1171 2708 ex
1199 2642 1361 2708 extremis
1388 2644 1504 2709 verbis
1524 2647 1757 2736 manifestum,

339 2750 369 2813 is
389 2750 471 2812 finis
485 2757 554 2832 est,
581 2753 622 2810 ut
641 2747 761 2813 Arsaci
784 2749 1004 2832 persuadeat,
1039 2748 1074 2813 ei
1100 2767 1171 2813 non
1194 2747 1301 2817 licere
1326 2749 1482 2814 medium
1502 2771 1626 2836 agere,
1661 2755 1759 2837 quod

339 2837 655 2938 utriusquepartis
673 2837 858 2918 ‘invidiam
882 2860 917 2920 et
933 2872 1106 2940 =magnum
1126 2852 1197 2919 sibi
1218 2853 1414 2940 periculum
1433 2859 1644 2922 conflaturus
1666 2869 1763 2926 esset.
1804 2887 1806 2892 ·

339 2957 404 3023 Cui
425 2941 569 3040 quidem
593 2958 772 3042 sententie
794 2967 907 3024 cetera
931 2962 1167 3046 respondeant
1187 2978 1325 3026 necesse
1351 2967 1420 3045 cst,
1447 2960 1478 3024 si
1503 2959 1646 3043 quidem
1669 2964 1762 3032 bene

232 3105 234 3109 ,
306 3125 307 3128 ,
341 3065 532 3149 composita
558 3064 671 3128 oratio
697 3073 757 3129 est.
787 3065 944 3131 Primum
973 3067 1083 3153 igitur
1115 3060 1291 3157 Tigranes
1315 3060 1511 3132 consilium
1533 3066 1639 3147 dicit,
1665 3073 1762 3152 quod

341 3168 556 3233 Mithridatis
579 3169 674 3231 haud
699 3169 851 3234 liberum
881 3179 955 3234 erat
982 3170 1167 3236 arbitrium
1196 3181 1231 3238 et
1253 3171 1445 3238 obnoxium
1471 3172 1623 3244 aliorum
1646 3174 1786 3260 potius·

342 3295 449 3357 quam
462 3292 525 3337 sua
535 3272 646 3370 ipsius
654 3273 802 3337 consilia
808 3274 908 3356 sequi
917 3277 1026 3357 decet.
1042 3297 1157 3366 regno
1173 3273 1319 3367 integro
1330 3279 1378 3342 ita
1391 3279 1690 3365 interpretandum
1701 3287 1763 3359 est,

342 3389 382 3442 ut
412 3381 467 3442 sui
493 3378 594 3464 regni
623 3397 706 3464 opes
726 3400 801 3444 non
824 3387 957 3446 atterat.
978 3381 1139 3465 quamvis
1165 3382 1264 3466 *enim
1284 3386 1456 3466 Armeniae
1474 3407 1556 3472 pars
1572 3407 1594 3451 a
1613 3384 1771 3450 Lucullo
1800 3425 1806 3432 ·

343 3493 508 3571 occupata
532 3493 637 3566 esset,
658 3500 772 3552 tamen
787 3487 893 3574 longe
916 3485 1028 3567 major
1045 3487 1241 3578 etiamtum
1254 3491 1355 3554 nullo
1379 3491 1533 3558 hostium
1549 3491 1682 3574 impetu
1700 3511 1761 3556 va·
1852 3514 1855 3528 ·

255 3576 257 3584 ’
344 3599 432 3656 stata
445 3591 529 3674 fuit3
552 3589 625 3658 imo
642 3593 808 3657 Lucullus
824 3599 936 3658 castra
953 3593 1105 3662 hiberno
1125 3603 1281 3682 tempore
1295 3597 1440 3663 rettulit.
1460 3591 1548 3660 meis
1567 3584 1760 3682 militibus,

344 3698 369 3760 i.
382 3717 412 3761 e.
420 3719 507 3782 quos
521 3700 741 3766 Mithridates
752 3707 832 3764 ante
844 3700 1009 3784 proelium
1021 3705 1068 3766 ad
1078 3701 1323 3790 Tigranocerta
1335 3703 1464 3768 factum
1474 3709 1652 3789 paraverat
1668 3711 1702 3768 et
1715 3723 1758 3768 eo

345 3803 423 3889 ipso
439 3812 608 3892 tempore,
626 3824 717 3894 novo
732 3806 869 3872 delectu
876 3806 1021 3894 habito,
1041 3809 1205 3880 collectos
1215 3809 1346 3875 milites
1356 3811 1497 3876 ordines
1505 3830 1640 3877 servare
1650 3818 1684 3876 et
1691 3817 1762 3876 sta-
1815 3861 1817 3865 -

345 3910 470 3976 teriam
487 3930 640 3999 pugnam
654 3910 767 3978 facere
778 3911 933 3979 docebat.
956 3913 1016 3978 clr.
1037 3901 1124 4002 App.
1137 3917 1196 3998 87:
1218 3907 1292 3998 esic
1320 3905 1356 3989 ii
1385 3914 1420 3998 ἐς
1438 3909 1519 3998 ἴλας
1536 3944 1570 3992 τε
1588 3915 1648 3990 καὶ
1668 3918 1762 3992 σπεί-

345 4041 406 4112 ροις
445 4001 646 4110 α’γχυτοίτου
682 4015 739 4103 τῆς
766 4015 930 4104 Ἰταλικῆς
957 4005 1140 4110 συντάξεως
1169 4007 1396 4113 καταλέγων,
1433 4019 1590 4104 armastis
1622 4007 1763 4120 ἀνδράσι

346 4135 524 4236 γυμνάζειν
542 4130 723 4236 παρεδίδου.
739 4143 881 4222 procul
893 4140 939 4206 ab
955 4143 1062 4208 domo
1078 4152 1112 4206 et
1116 4135 1233 4226 porro
1254 4139 1400 4224 labore,
1421 4147 1467 4204 ad
1484 4143 1663 4229 superiora
1678 4163 1761 4232 reg-

347 4262 396 4307 no
418 4240 563 4334 integro
585 4252 665 4310 sunt
680 4242 878 4310 referenda.
898 4247 1031 4314 scilicet
1049 4249 1123 4314 haec
1150 4243 1370 4311 Mithridates
1389 4247 1526 4312 addidit
1547 4256 1587 4313 ut
1605 4253 1760 4330 doceret,

348 4345 520 4416 Armenia
538 4368 620 4434 opes
633 4369 726 4446 novo
745 4349 833 4420 belli
856 4371 1002 4439 genere,
1024 4356 1120 4435 quod
1137 4351 1328 4441 ingressuri
1349 4360 1466 4445 crant,
1483 4372 1598 4436 neque
1613 4349 1765 4419 labefac-
