4282 5390
1693 437 1729 524 ,5

229 647 233 658 ’
301 627 424 718 lecto,
445 635 523 697 cum
545 633 589 696 ab
613 629 746 715 Annio,
766 627 910 696 Sullano
934 633 1041 716 duce,
1060 627 1239 718 provincia
1256 632 1375 718 pulsus
1396 641 1498 720 esset,
1525 644 1603 722 post
1621 637 1733 706 varios

320 759 421 804 casus
434 761 455 804 a
473 738 647 802 Lusitanis
671 742 740 801 dux
760 740 902 824 electus,
927 739 1054 802 iterum
1080 738 1119 800 in
1141 739 1345 820 Hispaniam
1365 741 1523 803 redierat.
1544 743 1634 806 Plut.
1648 747 1730 808 Sert.

317 868 343 909 c.
363 869 392 926 7.
413 866 460 906 ιο.
483 845 554 906 Ubi
571 844 663 906 victo
679 843 831 926 Fufidio,
858 844 988 908 Baeticae
1006 847 1236 928 propr'aetore,
1265 853 1299 909 ct
1320 848 1421 908 Cotta
1438 847 1552 912 classis
1567 849 1729 932 praefecto
1818 894 1821 903 ι

310 950 464 1032 'aliisque
488 953 724 1034 Romanorum
752 947 915 1031 ducibus,
936 957 1070 1010 tantum·
1103 958 1268 1015 terrorem
1292 951 1455 1014 omnibus
1483 953 1665 1042 injecerat,
1689 961 1730 1018 ut

319 1057 416 1118 Sulla
436 1061 475 1139 Q.
500 1057 675 1119 Metellum
701 1055 820 1138 Pium,
850 1053 965 1144 virum
991 1061 1026 1115 et
1050 1072 1227 1117 armorum
1257 1076 1322 1118 usu
1350 1065 1384 1120 et
1405 1045 1554 1121 consilio
1580 1060 1728 1144 clarum,
1824 1067 1828 1076 ’

323 1162 570 1226 Proconsulem
595 1182 673 1224 cum
699 1159 847 1242 imperio
870 1159 909 1219 in
927 1157 1129 1220 ulteriorem
1156 1159 1361 1240 Hispaniam
1385 1163 1545 1225 mitteret.
1573 1163 1633 1228 cir.
1658 1146 1727 1248 Ap'-

253 1283 257 1294 ’
319 1267 413 1352 pian.
436 1271 473 1329 Β.
494 1267 565 1337 Civ.
583 1270 610 1330 Ι.
632 1267 700 1328 108.
723 1266 811 1327 Plut.
829 1267 947 1348 Pomp.
961 1273 1008 1344 17.
1032 1264 1158 1327 Sertor.
1173 1249 1207 1325 ¹c.
1229 1286 1276 1327 ιε.
1297 1265 1387 1328 Flor.
1400 1271 1430 1332 3.
1448 1285 1497 1329 22.
1523 1269 1620 1338 Oros.
1639 1270 1731 1336 Hist.

320 1375 347 1433 5.
360 1395 387 1435 c.
411 1377 461 1435 αδ.
478 1371 516 1454 ὅ)
1218 1403 1223 1412 ·
1449 1400 1452 1412 .

397 1717 426 1799 ο)
448 1721 552 1782 Nulla
571 1718 642 1783 fere
666 1740 781 1781 rerum
799 1716 1060 1796 Romanarum,
1082 1735 1158 1799 quae
1181 1709 1370 1782 accuratius
1384 1738 1405 1780 a
1420 1711 1644 1802 scriptoribus
1658 1715 1731 1782 no·-

316 1824 426 1888 manis
457 1825 617 1909 expositae
638 1823 791 1908 fuerant,
821 1823 998 1886 obscurior
1019 1825 1114 1887 bello
1140 1819 1349 1887 Sertoriano.
1392 1829 1510 1906 Neque
1537 1824 1630 1887 enim
1656 1841 1728 1907 quo

323 1949 417 1992 anno
431 1931 706 2012 unumquidque
720 1940 852 2016 gestum
869 1932 923 2013 sit,
938 1951 1054 2011 neque
1067 1950 1135 2010 qua
1149 1930 1284 1992 ratione
1298 1934 1400 1992 duces
1414 1931 1547 1992 bellum
1561 1927 1729 1992 adminis-

315 2035 492 2120 traverint,
513 2037 593 2099 satis
611 2045 752 2099 constat.
774 2036 851 2101 Viri
863 2036 956 2098 docti
966 2035 1083 2120 igitur,
1105 2035 1166 2116 qui
1178 2036 1214 2096 in
1226 2039 1291 2096 hac
1302 2042 1339 2096 re
1353 2037 1559 2097 illustranda
1570 2035 1728 2097 elabora-

263 2147 265 2152 Ι
315 2149 414 2213 ΝΜ,
435 2140 616 2222 Sigonius,
635 2141 794 2224 PighiUS,
815 2140 1069 2202 Freinshemius
1085 2149 1118 2201 et
1134 2141 1348 2209 Debrossius,
1369 2151 1538 2212 quantum
1556 2141 1729 2212 conjectu·
1780 2135 1785 2144 ”

321 2244 369 2306 l'lS
391 2245 554 2316 consequi
575 2254 752 2316 poterant7
780 2265 896 2293 rerum
914 2244 1074 2292 ordinem
1095 2242 1301 2296 constituere
1322 2237 1436 2296 conati
1452 2245 1540 2297 sunt·
1561 2237 1631 2322 Qui
1649 2239 1729 2320 qui.

317 2349 396 2409 dem
418 2343 528 2404 multa
544 2338 629 2400 satis
641 2343 739 2396 acute
754 2335 902 2407 vidisse,'
921 2333 959 2396 in
980 2334 1058 2396 aliis
1082 2356 1211 2396 errasse
1229 2338 1320 2393 mihi
1336 2325 1510 2399 videmur,

395 2450 473 2509 Jam
492 2443 644 2527 primum
667 2460 708 2501 ex
726 2437 814 2498 Julii
835 2436 1093 2518 Exsuperantii‚
1119 2435 1181 2516 qui
1202 2435 1346 2520 dieitur,
1368 2444 1551 2526 opusculo,
1572 2449 1729 2525 quamvis

315 2534 444 2618 multus
467 2551 511 2614 sit
535 2549 573 2610 in
599 2542 744 2609 Sertorii
771 2543 873 2606 rebus
895 2541 1134 2626 exponendiss
1151 2540 1243 2602 nihil
1276 2543 1380 2625 plane
1407 2542 1542 2608 efficias.
1579 2551 1611 2611 Is
1632 2555 1727 2618 cuim

312 2681 432 2725 rerum
453 2656 611 2721 ordinem
638 2649 962 2738 plane‘confundit.
998 2646 1066 2710 Cir.
1097 2650 1140 2708 de
1156 2646 1259 2709 bellis
1283 2647 1443 2711 civilibus
1464 2651 1584 2735 Marii,
1604 2656 1731 2740 Lepidi

315 2788 355 2830 ae
367 2762 513 2828 Sertorii
530 2783 558 2822 c.
582 2781 613 2842 7.
629 2767 662 2822 et
686 2759 715 2819 8.
737 2758 803 2818 Sed
826 2755 1004 2839 Appianus
1018 2753 1054 2815 B.
1077 2739 1147 2815 Cir.
1169 2755 1196 2815 Ι.
1211 2751 1261 2814 86.
1282 2763 1315 2816 et
1330 2756 1379 2835 87.
1400 2765 1516 2838 aperte
1533 2759 1632 2837 dicit,
1651 2763 1728 2828 Ser.

315 2870 447 2935 torium
469 2867 630 2951 Scipione
659 2873 693 2928 et
723 2864 887 2925 Norbano
911 2863 1003 2923 Coss.
1025 2860 1088 2922 sub
1122 2858 1227 2922 finem
1250 2859 1335 2921 anni
1363 2860 1401 2920 in
1428 2861 1632 2952 Hispaniam
1659 2888 1732 2934 esse

314 2977 518 3062 profectum.
563 2976 649 3034 Cum
670 2969 765 3033 enim
788 2971 831 3032 de
854 2967 998 3031 Sertorii
1024 2964 1240 3057 profectione
1265 2965 1490 3050 exposuisset,
1515 2971 1588 3032 baec
1613 2973 1728 3038 addit:

320 3090 375 3163 τοῦ
396 3077 431 3162 δὲ
450 3088 590 3184 s’arhvroc
608 3067 834 3165 ἕτουςῦποιτοι
853 3070 914 3180 μὲν
934 3064 1126 3173 ἐγενέςθην,
1153 3065 1313 3175 Παπίριᾶς
1330 3105 1364 3172 τε
1381 3063 1522 3176 Κάρβων
1541 3068 1648 3164 αὖθις
1665 3085 1726 3158 καὶ

316 3197 469 3307 Μοίριοςὸ
490 3201 688 3304 ἀδελφιδοῦς
705 3205 829 3300 Μαρίου
848 3201 903 3274 τοῦ
921 3202 1125 3299 περιφανοῦς.
1158 3221 1200 3281 Id
1224 3220 1319 3299 quod
1336 3218 1441 3282 etiam
1457 3217 1541 3283 inde
1561 3217 1745 3322 efficitur„

273 3321 278 3324 ’
317 3334 413 3413 quod
430 3331 503 3408 jam
526 3327 798 3410 sequentianno
826 3323 956 3404 equites
985 3344 1026 3387 ex
1042 3325 1211 3408 Hispania
1235 3325 1434 3389 consulibus
1450 3327 1580 3391 auxilio
1603 3331 1725 3395 missos

314 3457 387 3502 esse
405 3442 530 3496 narrat.
558 3432 617 3495 cfr.
635 3432 659 3494 1.
680 3433 704 3498 l.
720 3453 746 3493 c.
770 3433 820 3511 89.
848 3434 966 3512 Neque
986 3431 1190 3494 Plutarchus
1206 3433 1393 3518 discrepat,
1413 3434 1484 3497 vita
1495 3435 1636 3498 Sertorii
1653 3439 1723 3501 esti.

322 3540 478 3624 quamvis
506 3537 600 3603 enim
628 3538 719 3600 inter
746 3557 862 3600 causas
884 3536 956 3614 ejus
980 3537 1206 3624 profectionis
1233 3541 1289 3602 vel
1313 3542 1379 3602 boc
1408 3549 1602 3634 enumeret,
1631 3543 1727 3620 quod

318 3645 449 3708 Marius
464 3643 603 3721 juvenis
624 3643 733 3705 invito
755 3642 957 3734 Sertorio'et
975 3653 1093 3706 contra
1111 3644 1204 3730 leges
1224 3647 1440 3710 consulatum
1461 3644 1642 3726 acceperit,
1671 3649 1725 3706 ta-
1835 3697 1840 3714 Ι

321 3768 403 3813 men
415 3749 687 3830 exsequentibus
706 3757 795 3811 recte
811 3748 1003 3834 colligitur,
1024 3753 1091 3814 hoc
1109 3754 1153 3812 ad
1170 3751 1365 3835 designatos
1376 3749 1531 3813 consules
1548 3769 1620 3811 esse
1636 3749 1748 3814 refe-³

315 3858 472 3934 rendum.
493 3854 634 3916 Accedit
655 3853 750 3934 quod
773 3860 843 3913 tota
868 3855 941 3928 ejus
960 3857 1050 3915 salus
1071 3857 1109 3912 in
1126 3857 1299 3912 celeritate
1316 3847 1428 3933 posita
1447 3870 1518 3913 esse
1532 3852 1726 3940 videbatur,

313 3970 373 4034 cfr.
395 3992 423 4033 c.
444 3972 472 4030 6.
513 3946 627 4054 Karpir
655 3949 807 4036 dventu
841 3941 958 4052 φήσας
985 3995 1042 4010 --
1068 3939 1121 4037 nir
1150 3940 1188 4023 <li
1203 3946 1341 4046 Ἰβηρίαν
1370 3947 1546 4043 ἐπειχθεὶς
1565 3942 1721 4048 antiae,

315 4112 462 4174 eumque
484 4091 523 4154 in
538 4087 679 4172 Alpium
702 4084 848 4146 transitu
873 4073 1020 4176 χειμῶσι
1039 4069 1208 4162 χαλεποῖς
1223 4058 1426 4171 χρησάμενον
1446 4084 1575 4146 scribit.

395 4209 513 4291 Ipsum
537 4203 669 4266 bellum
684 4220 746 4285 per
761 4201 792 4262 X
806 4197 967 4281 deinceps
989 4215 1098 4258 annos
1112 4203 1297 4256 extractum
1317 4215 1387 4258 esse
1405 4196 1558 4276 videtur3
1580 4198 1725 4261 Orosius

317 4312 411 4377 enim
431 4311 564 4377 Hister.
583 4309 647 4375 lib.
673 4310 702 4372 5.
722 4311 774 4373 23.
794 4303 983 4392 Sertorium
1015 4299 1149 4368 decimo
1178 4301 1319 4399 demum
1342 4319 1434 4364 anno
1454 4301 1543 4366 belli
1570 4299 1727 4364 inchoati
1786 4349 1791 4355 .
