4230 5348
1564 467 1753 543 ,109

345 642 494 724 modam
515 636 663 701 dubium
684 651 757 701 esse
772 634 919 700 vldetur.
939 631 1028 698 Satis
1049 633 1144 699 enim
1164 639 1237 702 erat
1258 639 1303 700 ad
1323 633 1421 702 istius
1443 635 1512 700 filii
1530 634 1661 723 regiam
1679 640 1760 705 stir-

344 767 425 833 pem
460 745 769 830 comprobandam,
810 741 906 822 quod
945 725 1072 804 Nasam
1113 760 1184 804 non
1213 741 1350 826 pellicis
1376 743 1455 806 loco
1480 744 1667 828 habuerat,
1698 748 1760 812 sed

346 853 504 939 reginam
536 848 777 933 adpellaverat.
815 865 927 931 nuper
963 846 1233 930 Havercampius
1268 847 1439 930 nummis,
1474 848 1601 929 quihus
1631 817 1762 919 Movent

345 937 558 1030 βασιλίσσης
575 953 778 1038 inscriptum
799 959 887 1034 erat,
915 970 1035 1016 omnes
1059 951 1209 1018 editores
1234 951 1362 1017 erroris
1384 951 1595 1018 convincere
1612 954 1760 1035 studuit:

347 1067 408 1129 sed
429 1062 564 1126 frustra.
584 1079 693 1123 unum
708 1056 802 1123 enim
817 1059 942 1121 docere
963 1057 1095 1142 omisit,
1116 1059 1211 1122 hunc
1224 1078 1405 1122 nummum
1421 1060 1466 1121 ad
1485 1058 1576 1144 regis
1591 1060 1756 1170 pellicem

345 1169 466 1250 utique
490 1185 563 1232 esse
585 1163 821 1249 referendum,
842 1183 921 1227 cum
946 1182 1091 1246 nomen,
1118 1166 1214 1246 quod
1235 1163 1446 1248 adscriptum
1473 1172 1525 1228 est
1546 1145 1585 1221 ’0
1587 1134 1761 1246 ρσοβιίριις

344 1274 448 1359 plane
469 1270 643 1338 contraria
668 1273 801 1334 doceat.
829 1268 889 1333 cfr.
909 1268 1026 1353 Scipio
1047 1261 1167 1336 Maffei
1183 1269 1306 1334 Gallia
1326 1269 1441 1351 Antiq.
1461 1270 1547 1356 Epp.
1566 1272 1593 1334 Ι
1612 1278 1647 1336 et
1664 1273 1707 1334 II.
1726 1293 1760 1356 p.

349 1386 385 1445 :s
407 1387 441 1444 et
466 1383 514 1443 15.
543 1381 590 1441 16.
614 1385 674 1441 etc
713 1379 812 1444 Nam
834 1371 936 1472 'quid
956 1395 1022 1463 ego
1049 1395 1105 1438 me
1134 1375 1329 1459 adpellem,
1361 1397 1464 1458 quem
1494 1377 1685 1442 dianetum
1709 1377 1760 1442 ita

220 1473 224 1478 ⁵
346 1487 423 1554 Vat.
443 1508 470 1549 1.
500 1477 713 1547 tetrarchiis
736 1484 804 1546 hoc
825 1482 904 1546 loco
922 1501 994 1544 non
1014 1488 1054 1547 ut
1076 1482 1149 1543 Cat.
1170 1500 1219 1543 ao.
1242 1480 1295 1548 rei
1313 1485 1520 1547 exornandae
1540 1502 1642 1562 cau-sa
1662 1481 1762 1546 addi.

345 1600 436 1670 tum,
457 1593 518 1656 sed
535 1588 672 1652 Galatas
686 1587 869 1672 intelligit,
891 1605 978 1669 quos
1000 1585 1179 1650 tetrarchis
1197 1585 1368 1666 subjectos
1386 1586 1491 1662 fuisse
1513 1588 1596 1651 satis
1619 1596 1761 1656 constat.

339 1718 411 1781 per
429 1691 667 1783 Nicomedem
691 1692 783 1757 bello
811 1690 1080 1758 lacessiverunt.
1099 1694 1173 1758 haec
1192 1712 1266 1756 non
1290 1691 1420 1770 injuria
1441 1701 1668 1774 conquestum
1690 1711 1762 1758 esse

253 1809 255 1816 “
345 1800 578 1865 Mithridatem
600 1797 811 1886 intelligitur
833 1818 876 1863 ex
898 1797 1036 1880 lustina
1059 1799 1110 1860 88.
1146 1800 1175 1861 5.
1198 1806 1232 1866 et
1252 1797 1411 1882 Appiano
1436 1801 1480 1862 de
1502 1800 1537 1862 b.
1561 1799 1680 1863 Mithr.
1710 1802 1761 1862 56.

345 1917 378 1972 et
404 1929 449 1970 ιι.
473 1909 527 1969 16:
558 1927 601 1968 ea
625 1926 706 1986 quae
735 1899 918 1987 accidere,
941 1909 1118 1965 testatum
1146 1909 1258 1966 antea
1276 1902 1499 1968 Cretenses:
1531 1903 1618 1985 quid
1639 1904 1760 1989 fuerit,

345 2016 440 2094 quod
454 2011 592 2074 Gortius
610 2009 731 2075 hocin
753 2008 832 2071 loco
853 2001 1039 2071 offenderit
1054 2005 1190 2088 nescio,
1212 2027 1291 2070 nam
1313 2008 1431 2070 testari
1444 2008 1598 2088 aliquem
1616 2011 1763 2094 aliquid,

347 2115 503 2199 quamvis
512 2117 607 2184 haud
616 2114 718 2176 facilc
730 2111 915 2191 inveneris,
921 2119 1040 2174 tamen
1051 2109 1211 2190 analogia
1222 2108 1305 2169 satis
1314 2113 1546 2189 confirmatur,
1559 2113 1654 2171 haud
1660 2113 1763 2177 aliter

346 2221 442 2288 enim
464 2219 595 2282 dictum
617 2237 719 2299 quam
744 2232 906 2295 monere,
926 2210 1081 2295 hortari,
1101 2209 1256 2290 aliquem
1276 2209 1412 2289 aliquid
1434 2218 1468 2273 et
1489 2211 1528 2287 id
1550 2233 1658 2298 genus
1680 2216 1760 2280 alia.

344 2321 580 2395 Nicomedem
596 2315 776 2407 Bithynia
792 2315 920 2400 expuli
930 2313 990 2379 cfr.
1001 2313 1146 2398 Appian.
1167 2316 1200 2376 d.
1212 2314 1247 2375 b.
1263 2313 1418 2378 Mithrid.
1436 2337 1464 2378 c.
1484 2333 1535 2380 ιο.
1554 2318 1763 2384 Archelaus

345 2428 510 2498 exercitu
525 2421 693 2511 prodito.
712 2421 937 2482 Archelaum:
958 2422 1053 2498 apud
1071 2419 1330 2480 Orchomenum
1346 2427 1381 2482 et
1400 2423 1624 2502 Charoneam
1642 2425 1765 2508 prodi·

345 2545 457 2602 torem
478 2533 583 2597 fuisse
606 2549 646 2594 ex
672 2522 899 2588 historiarum
930 2520 1166 2584 monumentis
1195 2522 1338 2604 probari
1360 2544 1433 2587 non
1455 2516 1577 2608 potest.
1605 2531 1672 2593 Sed
1694 2533 1762 2594 hoc

347 2639 562 2707 Mithridatis
582 2636 644 2700 irae
666 2629 908 2711 tribuendum,
925 2626 1038 2710 quiet
1059 2626 1173 2690 clades
1192 2635 1345 2709 acceptas
1367 2637 1401 2691 et
1416 2647 1537 2711 pacem
1551 2631 1764 2715 ignominio-

346 2769 419 2814 sam
448 2746 562 2809 aliena
587 2743 688 2824 culpa
710 2744 918 2802 contractam
942 2731 1070 2798 statuit.
1097 2729 1158 2795 cfr.
1185 2732 1272 2814 App.
1301 2735 1344 2797 de
1375 2734 1409 2796 h.
1431 2734 1551 2798 Mithr.
1578 2759 1606 2801 c.
1627 2743 1761 2818 42-45
1849 2721 1851 2725 ¹

347 2856 396 2931 54.
421 2854 478 2915 55:
495 2847 705 2935 proditionis
727 2852 842 2908 autem
858 2840 931 2920 jam
959 2849 1033 2903 tum
1051 2835 1293 2901 insimulatum
1311 2835 1417 2901 fuisse
1434 2839 1540 2903 ctiam
1558 2841 1762 2916 Plutarchus

347 2964 531 3022 auctorest
549 2957 592 3020 V.
611 2952 697 3017 Sull.
716 2973 744 3016 c.
763 2966 822 3027 203
846 2964 897 3010 ιι.
920 2949 977 3021 253
1005 2943 1080 3008 Liv.
1100 2942 1267 3027 Epit.82:
1290 2963 1370 3007 nam
1386 2948 1481 3027 quod
1498 2955 1619 3031 postea
1635 2951 1764 3014 Roma·

347 3083 473 3130 norum
510 3058 641 3122 amicus
672 3054 782 3116 factus
810 3059 877 3126 est,
914 3052 1005 3114 Plut.
1035 3053 1116 3115 Luc.
1145 3049 1175 3112 8.
1214 3052 1282 3114 hoc
1314 3069 1388 3112 non
1421 3049 1495 3132 ejus
1524 3053 1671 3137 perfidia
1702 3060 1763 3122 sed

348 3162 563 3234 Mithridatis
571 3159 774 3224 crudelitate
783 3155 921 3218 factum.
934 3156 1157 3218 Ptolemaeus
1160 3153 1284 3236 pretto
1297 3149 1335 3216 in
1347 3153 1422 3219 dies
1430 3156 1765 3241 bellumprolalans

348 3272 397 3335 ita
416 3273 507 3336 Vatt.
528 3288 554 3331 1.
576 3288 609 3336 23
632 3261 690 3324 cfr.
709 3260 778 3322 Dio
795 3259 884 3320 Cass.
901 3262 935 3318 et
952 3254 1077 3348 lustin.
1094 3256 1255 3340 Ingentia¹
1275 3277 1420 3322 munera
1439 3260 1586 3325 Lucullo
1610 3266 1763 3332 aPtole·

348 3395 433 3442 maeo
454 3371 559 3436 missa
579 3357 671 3448 esse,
691 3373 742 3428 cst
765 3364 858 3449 apud
873 3361 1096 3425 Plutarchum
1110 3362 1192 3424 Luc.
1215 3377 1244 3422 a.
1268 3369 1303 3427 et
1323 3367 1500 3429 Romanos
1510 3367 1590 3444 jam
1620 3375 1695 3429 tum
1718 3371 1762 3432 de

347 3485 504 3568 Aegypto
515 3472 714 3557 occupanda
735 3468 915 3562 cogitasse,
942 3467 1035 3544 testis
1058 3474 1109 3530 est
1130 3467 1342 3535 Plutarchus.
1364 3470 1455 3532 Plut.
1473 3472 1584 3532 Crass.
1607 3473 1656 3531 13.
1677 3471 1759 3534 Cato

352 3592 404 3651 16:
437 3585 626 3654 Cretenses
648 3571 858 3667 impugnati
883 3575 996 3638 semel
1011 3571 1096 3663 jam
1135 3571 1196 3636 cfr.
1216 3593 1319 3658 supra
1344 3597 1378 3658 p.
1408 3592 1468 3635 ιιι
1491 3570 1610 3634 dilata
1621 3570 1760 3654 proelz'a
1883 3618 1885 3622 .

350 3686 468 3780 magis
490 3709 599 3773 quam
612 3686 743 3769 pacem
769 3682 906 3746 datam.
927 3680 995 3743 hoc
1016 3697 1154 3762 quoque
1174 3684 1265 3742 recte
1283 3698 1304 3742 a
1324 3677 1526 3741 Mithridate
1545 3675 1676 3750 dictum
1698 3676 1759 3742 cfr.

349 3798 441 3862 Flor.
461 3800 491 3859 3.
511 3797 540 3858 5.
564 3809 619 3870 ra:
639 3789 786 3877 llppian.
801 3789 835 3850 d.
848 3787 885 3848 h.
903 3785 1024 3850 Mithr.
1037 3785 1085 3847 58.
1100 3785 1191 3847 Plut.
1201 3783 1298 3848 Sulla
1316 3801 1372 3847 aa:
1394 3782 1525 3844 bellum
1542 3781 1642 3865 caepi.
1653 3804 1774 3848 -ce·-

343 3899 392 3989 pi
406 3903 531 3987 vulg03
550 3905 735 3978 utrumque
755 3901 846 3959 recte
873 3891 989 3956 dicere
1012 3898 1046 3955 et
1070 3891 1203 3958 bellum
1230 3909 1351 3975 capere
1378 3891 1401 3952 i.
1422 3889 1454 3953 e.
1479 3908 1631 3973 sumere,
1664 3888 1758 3956 idem

350 4011 447 4093 quod
462 4026 557 4071 arma
570 4021 705 4088 capere,
727 4013 902 4085 capessere
922 4015 1075 4083 pugnam
1096 3995 1168 4060 sive
1184 3996 1320 4059 bellum
1334 3995 1408 4060 Liv.
1429 3997 1477 4058 ιδ.
1492 3997 1549 4056 ι5ι
1570 3996 1638 4056 Sed
1653 4003 1773 4078 propt
1793 4061 1798 4068 ,

352 4122 405 4180 ter
426 4132 574 4192 rursus,
596 4109 690 4190 quod
719 4104 911 4176 antecedit,
942 4099 1036 4186 eoepi
1065 4101 1257 4188 elegantius
1278 4109 1338 4168 est.
1368 4099 1604 4168 Calchedona
1624 4101 1699 4165 Vat.
1731 4119 1758 4162 ι.

354 4221 397 4282 de
418 4191 456 4282 re
474 4217 535 4280 cfr.
554 4212 700 4298 Appiam
718 4212 760 4274 de
777 4210 813 4272 b.
829 4208 986 4273 Mithrid.
1005 4230 1063 4290 7¹3
1086 4216 1120 4273 et
1142 4208 1232 4273 Plut.
1255 4210 1337 4275 Luc.
1354 4227 1381 4269 c.
1400 4207 1429 4269 8.
1461 4203 1521 4269 cfr.
1540 4223 1643 4290 supra
1651 4227 1685 4287 p.
1702 4207 1757 4266 :32
1848 4252 1855 4260 .

355 4319 443 4387 eaeui
466 4324 580 4386 classe
607 4318 882 4402 pulcherruma.
909 4318 953 4382 de
975 4311 1129 4383 dictione
1148 4314 1229 4381 ride
1259 4317 1304 4379 ad
1327 4315 1406 4400 lug.
1432 4313 1483 4377 88.
1504 4306 1678 4409 Cyaieum
1697 4305 1758 4374 cfr.
1852 4317 1859 4329 ‘
