4230 5348
344 423 421 560 ..t
540 583 548 590 ³

339 659 522 727 solvenda.
548 655 698 723 Turneb.
717 654 869 717 Aversar.
893 649 1203 737 1.interpretatur:
1226 671 1318 720 sacra
1337 653 1469 734 solvere
1480 699 1490 733 ,
1512 677 1589 738 quae
1608 658 1755 747 singulis

338 749 522 833 mensibus
543 764 719 825 dabantur.
740 757 774 821 ei
796 750 1002 842 suffragatur
1025 757 1115 821 Plut.
1142 762 1180 825 V.
1208 762 1318 825 Crassi
1339 783 1385 823 rr.
1416 731 1581 844 ὅφθέντες
1620 740 1647 818 δ’
1686 739 1754 822 v‘rri

339 864 418 942 droit
436 866 599 960 γυναικῶν
617 845 850 960 προθυομένων
867 857 932 942 τοῖς
949 862 1127 961 πολεμίοις.
1154 865 1220 929 Sed
1234 874 1462 950 praeterquam
1477 871 1570 952 quod
1585 869 1756 934 incertum

339 984 405 1058 est,
428 993 511 1036 num
534 972 738 1040 Plutarchus
755 969 943 1033 Salustium
963 978 1098 1033 secutus
1118 970 1189 1054 sit‚'
1209 991 1281 1036 nou
1300 993 1370 1036 uno
1394 973 1473 1037 loco
1495 994 1574 1038 eum
1594 976 1681 1061 male
1700 975 1757 1038 in-

339 1085 541 1164 terpretatus
564 1083 624 1140 est.
646 1094 748 1138 nemo
774 1074 868 1140 enim
887 1073 991 1139 facile
1006 1075 1149 1159 dixerit,
1170 1097 1232 1138 cur
1245 1079 1290 1139 ad
1309 1076 1474 1141 sacrificia
1496 1071 1673 1145 offerenda
1690 1083 1757 1145 ho·

339 1185 470 1249 minum
494 1190 702 1246 conventum
726 1180 837 1245 vitare
859 1199 995 1245 necesse
1015 1165 1070 1244 sit.
1092 1181 1225 1244 accedit
1244 1183 1396 1246 Lucretii
1417 1192 1451 1246 et
1470 1186 1583 1247 Taciti
1606 1173 1763 1249 auctori:

258 1313 261 1332 ν
339 1297 408 1372 tas,
429 1289 491 1352 ille
508 1285 585 1355 Lib.
605 1289 662 1353 VI.
681 1289 758 1368 796:
781 1294 936 1370 tempore
955 1307 996 1350 eo
1012 1286 1042 1350 si
1061 1289 1206 1350 odorata
1221 1295 1289 1372 est,
1310 1307 1380 1368 quo
1399 1299 1572 1353 menstrua
1587 1291 1705 1375 solvit,
1726 1293 1756 1354 is
1818 1303 1823 1320 ⁴

340 1395 429 1460 Hist.
442 1397 483 1460 V.
495 1396 525 1458 6.
542 1397 584 1458 de
596 1391 760 1475 Asphalto
767 1413 778 1454 r
797 1391 908 1476 «fugit
925 1412 1082 1470 cruorem
1094 1400 1292 1474 vestemque
1308 1391 1470 1456 infectam
1482 1395 1665 1479 sanguine,
1686 1417 1758 1478 quo

339 1499 477 1564 fe'minae
501 1518 563 1583 per
584 1516 717 1560 menses
734 1496 989 1560 exsolvuntur.»
1010 1497 1054 1560 de
1069 1496 1194 1581 proelio
1218 1499 1379 1561 adversus
1395 1496 1559 1583 fugitivos
1577 1500 1638 1564 cfr.
1655 1520 1757 1584 supra

339 1613 417 1690 pag.
439 1609 488 1667 30.
517 1605 624 1666 -ue-
642 1600 859 1666 Exercitum
882 1597 1029 1666 dimisit.
1049 1605 1095 1665 ad
1114 1602 1319 1687 Pompejum
1339 1604 1406 1666 hoe
1431 1603 1651 1668 referendum
1680 1624 1755 1669 esse·

340 1710 445 1773 Debr.
456 1708 656 1782 videbatur3
678 1726 781 1788 quem
793 1700 943 1791 suspicio
961 1714 1034 1771 erat
1053 1707 1326 1771 exercitum-non
1343 1707 1579 1778 dimissurum.
1598 1712 1665 1774 Sed
1673 1697 1762 1772 Plu-

341 1814 452 1877 tarchi
466 1813 648 1877 auctoritas
656 1819 808 1896 pugnat,
831 1813 923 1894 apud
933 1811 1195 1897 quemlegitur:
1216 1801 1378 1907 προειπῶν
1407 1797 1548 1909 ἀφήῃ-ειν
1566 1804 1604 1884 τὲ
1623 1799 1761 1908 ςρᾶτςυ,

340 1903 495 2018 flami
513 1904 768 2012 elvdpraptlon
790 1931 936 2015 accedit,
959 1933 1055 2014 quod
1082 1953 1161 1996 cum
1188 1903 1340 1997 eremite
1365 1953 1508 1998 manum
1528 1933 1756 2028 fugitivorum

343 2037 517 2123 oppressit.
540 2037 664 2100 rectius
681 2035 789 2118 igitur
806 2037 850 2097 ad
868 2037 1050 2099 Metellum
1070 2037 1147 2102 haec
1163 2037 1333 2101 retuleris.
1360 2042 1404 2102 de
1425 2040 1678 2102 construetione
1696 2039 1755 2102 cfr.

259 2131 262 2138 Δ
343 2143 433 2208 Hirt.
456 2145 499 2204 de
518 2141 552 2203 b.
571 2139 675 2202 Afric.
697 2161 724 2202 c.
746 2144 803 2219 ³7²
831 2140 1013 2222 parvulam
1038 2140 1294 2224 proclivitatem
1323 2142 1505 2225 digressus.
1542 2147 1640 2204 -26.-
1674 2145 1758 2207 Tet-

344 2247 510 2312 rarchae.
532 2245 592 2310 cfr.
614 2246 703 2308 Plut.
722 2244 858 2307 Lucull.
878 2265 907 2306 c.
930 2266 980 2308 ar.
1007 2243 1071 2307 ubi
1093 2247 1137 2310 de
1153 2244 1271 2307 Clodii
1289 2247 1335 2308 ad
1353 2247 1540 2331 Tigranem
1564 2248 1689 2311 itinere
1709 2248 1759 2310 ita
1856 2287 1860 2291 -

345 2352 504 2437 exponit:
528 2335 677 2430 nemoris
703 2341 766 2447 pais
799 2332 988 2448 ᾠκενῶσατν
1016 2345 1079 2422 nir
1108 2334 1263 2429 ὑπνῦλως
1290 2336 1501 2448 ἀκροωμένων
1528 2349 1584 2422 τοῦ
1610 2353 1758 2452 Αρμενίνυ

223 2504 234 2514 =
345 2447 496 2536 δυννίςων.
516 2471 746 2536 nihilominus
758 2478 873 2533 tamen
887 2489 960 2531 non
979 2488 1047 2551 pro.
1064 2474 1158 2529 certo
1173 2465 1435 2538 affirmaverim,
1449 2476 1483 2530 et
1494 2457 1635 2533 Salustii
1651 2475 1758 2536 verba

220 2580 230 2600 ‘
345 2598 387 2643 co
402 2578 586 2663 pertinere.
617 2592 721 2656 -e7.-
738 2571 859 2638 Simul
872 2592 933 2635 eos
964 2577 1000 2633 et
1028 2576 1182 2634 cunctos
1199 2567 1285 2658 jam
1316 2565 1526 2636 inclinatos.
1547 2577 1634 2639 ‘haeo
1652 2579 1758 2641 verba

343 2685 449 2748 Debr.
468 2686 512 2744 ad
527 2679 690 2766 proelium
710 2681 803 2761 apud
821 2679 1054 2760 Rhyndacum
1075 2674 1221 2738 fluvium
1236 2673 1481 2737 illustrandum
1502 2678 1672 2746 adhibuit.
1694 2680 1759 2743 cfr.

346 2789 437 2852 Plut.
457 2789 540 2849 Luc.
564 2807 612 2848 11.
640 2785 740 2873 quod!
762 2781 840 2844 fieri
865 2801 938 2845 non
964 2787 1095 2867 potest,
1120 2771 1217 2859 quod
1244 2781 1318 2846 haec
1340 2781 1458 2863 priore
1487 2781 1580 2845 libro
1605 2785 1757 2868 exposita

337 2890 489 2957 fuerant.
509 2889 653 2974 propius
675 2891 719 2951 ad
745 2905 866 2952 nerum
886 2887 1048 2950 accedere
1068 2883 1227 2967 videtur,
1247 2883 1287 2946 in
1304 2905 1423 2969 pugna
1444 2888 1488 2949 ad
1513 2887 1757 2970 Tigranocerta

303 2987 307 2995 “
347 2994 527 3059 commissa
559 2994 628 3057 tale
656 2994 743 3076 quid
772 2992 917 3068 factum,
945 2991 1009 3052 uhi
1032 2988 1197 3052 Lucullus
1228 2989 1306 3052 loco
1335 2987 1511 3072 superiore
1535 2998 1653 3076 capto,
1673 2993 1757 3058 inde

151 3089 153 3094 ’
235 3165 242 3170 ,
344 3107 501 3183 apertum
523 3098 677 3162 hostium
697 3099 787 3160 latus
814 3094 949 3158 invasit.
972 3092 1033 3156 cfr.
1057 3093 1148 3161 Plut.
1163 3095 1245 3176 Luc.
1263 3095 1313 3155 28.
1334 3092 1553 3179 conjecturae,
1573 3097 1699 3177 quibus
1714 3100 1754 3164 V.

161 3181 171 3190 “
346 3206 388 3266 D.
407 3206 504 3275 hunc
527 3203 643 3266 locum
671 3209 868 3279 tentarunt,
896 3219 1016 3262 omnes
1035 3197 1154 3262 futiles
1170 3205 1259 3261 sunt.
1280 3199 1349 3272 -all
1364 3206 1398 3262 et
1414 3220 1487 3279 ²92·
1505 3198 1566 3266 'Hi
1588 3204 1755 3267 locorum
1873 3277 1881 3287 ι

340 3305 531 3396 pergnari.
552 3305 717 3391 fugitivos
739 3304 928 3390 significari
949 3311 1090 3369 nonest
1111 3301 1275 3382 dubium3
1294 3306 1355 3367 sed
1376 3303 1492 3370 alieno
1511 3305 1589 3369 loco
1604 3307 1760 3371 laudavit

282 3491 285 3496 Ι
347 3413 451 3476 Debr.
480 3432 553 3474 non
582 3411 675 3475 enim
707 3411 811 3473 initio
846 3411 1018 3474 tumultus
1045 3405 1180 3475 servilis
1208 3411 1282 3475 haec
1316 3427 1477 3474 enarrare
1510 3431 1647 3476 necesse
1675 3411 1761 3496 luis,

349 3497 479 3601 qbippe
498 3519 542 3582 de
564 3536 633 3598 quo
653 3517 754 3583 tertio
776 3514 868 3579 libro
888 3523 960 3580 erat
981 3512 1173 3598 expositum
1190 3511 1251 3576 cfr.
1266 3514 1304 3576 L.
1324 3518 1356 3578 3.
1372 3513 1416 3577 fr.
1439 3519 1468 3594 3.
1484 3522 1518 3578 et
1536 3519 1591 3578 26.
1606 3517 1659 3579 ad
1678 3539 1759 3580 eam

350 3629 467 3685 artem
488 3622 582 3686 idem
609 3625 704 3708 quod
725 3642 769 3685 ea
792 3627 884 3684 arte.
905 3623 1023 3684 Douza
1043 3619 1095 3684 ad
1113 3639 1174 3681 eas
1198 3624 1300 3682 artes
1318 3603 1489 3704 conjecit,
1505 3615 1600 3702 quod
1619 3620 1659 3684 in
1678 3621 1757 3686 aliis

348 3725 450 3790 libris
467 3737 537 3792 ests
557 3728 610 3791 ad
632 3750 693 3792 eas
714 3745 829 3791 arres-
849 3725 965 3816 llrsin.
984 3725 1030 3787 ab
1056 3745 1098 3788 ea
1117 3729 1201 3786 arte
1223 3726 1286 3790 sed
1299 3725 1391 3790 bene
1410 3725 1516 3790 habet
1532 3726 1585 3788 ad
1596 3764 1638 3780 —
1662 3729 1760 3809 quod

350 3840 400 3896 est
420 3834 627 3896 secundum.
649 3833 711 3895 cir.
735 3832 808 3896 Lir.
827 3852 855 3895 1.
876 3845 926 3906 44.
954 3828 1048 3898 idem
1065 3836 1240 3894 scutorum
1261 3849 1370 3916 genus
1389 3840 1633 3900 commemorat
1649 3823 1763 3902 Thuc.¹

329 3949 381 4010 .4.
401 3955 431 4012 9.
451 3938 621 3999 Ammian.
641 3939 744 4002 Marc.
762 3953 809 4013 24.
831 3954 867 3999 a:
899 3936 1027 4000 obtecti
1040 3935 1145 4001 scutis
1161 3935 1292 4001 vimine
1303 3936 1500 4002 firmissimo
1515 3939 1614 4002 textis
1627 3945 1661 4002 et
1680 3959 1758 4002 cru·

257 4097 263 4108 ,
352 4041 476 4099 dorum
485 4030 660 4122 ‚tergorum
674 4041 841 4106 densitate
853 4039 994 4103 vestitis.
1013 4041 1181 4106 Caeterum
1193 4040 1338 4104 Ursinus
1353 4029 1421 4103 hoc
1437 4039 1668 4124 fragmentum
1676 4060 1760 4102 eum

352 4140 527 4234 similibus
556 4144 685 4228 verbis,
706 4165 782 4230 quae
811 4146 948 4209 Servius
966 4146 1011 4206 ad
1040 4147 1127 4208 Aen.
1138 4167 1167 4226 7.
1188 4148 1247 4209 632
1270 4145 1391 4222 habet,
1417 4151 1495 4229 apte
1525 4141 1703 4231 conjungit
1724 4151 1760 4207 et
1789 4225 1802 4231 ·

352 4227 590 4310 totum'locum
609 4247 658 4310 ita
678 4249 872 4313 constituit:
892 4245 1042 4318 Luceni
1061 4251 1104 4312 de
1122 4246 1255 4314 vimine
1266 4239 1383 4340 facta
1399 4255 1508 4328 scuta
1528 4231 1641 4313 coriis
1652 4213 1780 4346 teges

353 4350 460 4437 lant,
490 4374 572 4436 quae
606 4353 648 4418 de
669 4374 804 4439 pecore
826 4375 952 4451 recens
983 4355 1153 4441 detracta
1187 4357 1298 4443 quari
1316 4352 1467 4445 glutino.
1490 4349 1762 4424 adolescebant.

1426 4578 1433 4610 l
