4334 5354
602 629 770 717 Explicit
789 630 870 700 Lib.
891 636 926 702 I.
946 631 1077 720 incipit
1097 637 1286 725 Prologus
1307 637 1428 702 Scudi.

387 795 519 858 Fortuna
540 808 606 881 eget
625 830 644 845 -
663 809 776 862 actores
791 835 808 846 -
827 813 977 864 secuntur.

301 975 302 980 ἵ
423 1015 593 1114 Explicit
612 1021 800 1122 Prologus
820 1017 953 1106 incipit
973 1017 1054 1088 Lib.
1070 1021 1127 1089 ΙΙ.
1149 1005 1207 1090 Dc
1229 1007 1321 1087 bello
1342 1019 1594 1114 Jugurtlriuo.
1696 1003 1702 1012 ’

383 1182 533 1268 Karthag:
555 1185 678 1268 (quater
709 1208 779 1249 cum
802 1163 844 1250 K.
867 1187 1041 1272 scriptum.)
1070 1190 1157 1250 siface
1176 1220 1196 1237 -
1223 1183 1448 1248 manastabils-
1469 1189 1595 1268 micipsa
1616 1205 1685 1249 cum
1701 1219 1719 1234 -

301 1292 389 1353 facile
403 1312 657 1354 eumoocasurum
671 1296 835 1376 pracfecit·
815 1314 903 1356 -sua
916 1297 1045 1377 pecunia
1061 1306 1091 1358 st
1107 1297 1234 1378 ipsum·
1253 1315 1352 1376 neque
1368 1315 1401 1355 ea
1420 1313 1494 1356 res-
1509 1295 1611 1375 ipsum
1628 1294 1717 1354 illum

192 1382 237 1428 Γ
301 1398 394 1459 tribus
415 1401 558 1479 proximis
576 1405 701 1463 annis·
682 1401 832 1482 -paratis
851 1404 1018 1464 consiliis·
1004 1423 1143 1485 -parare
1156 1423 1195 1466 ne
1217 1403 1432 1500 cunctentur-
1413 1421 1504 1466 -ros
1522 1400 1556 1461 in
1578 1379 1718 1460 affinium

301 1507 426 1566 locum·
443 1507 476 1566 in
496 1515 580 1568 tants
599 1513 676 1569 mala
692 1493 925 1591 praecipitatus-
908 1511 1063 1586 -(desunt
1079 1513 1229 1590 multa)·
1212 1484 1418 1592 ·sequitur-
1435 1507 1539 1569 omnia
1561 1507 1663 1570 renim
1684 1505 1727 1566 in.
1811 1531 1816 1538 ·

300 1611 402 1670 animo
419 1610 572 1674 haeserat·
596 1616 670 1698 legit
687 1615 745 1675 sibi
769 1614 942 1680 homines.-
980 1619 1015 1676 in
1039 1620 1119 1699 quis
1128 1619 1224 1678 tuit-
1208 1617 1378 1710 ·pericula
1398 1627 1427 1678 et
1449 1595 1616 1678 iusidias-
1646 1609 1719 1673 inde
1819 1607 1822 1612 ’

298 1716 460 1777 siciliam·
481 1721 609 1781 inducia
622 1721 814 1786 ‚vadabantur
796 1739 944 1786 -arero
972 1731 1002 1782 ct
1033 1722 1116 1782 hono
1146 1721 1366 1799 impediebat·
1350 1723 1419 1783 -in
1451 1721 1580 1804 imperio
1609 1701 1718 1780 nati·

299 1821 332 1882 in
358 1823 576 1906 rempublicam
609 1827 721 1886 damna
751 1836 898 1902 atque-
931 1823 1040 1880 desunt
1063 1824 1167 1879 mults.
1203 1821 1282 1899 (sqq.
1320 1824 1378 1878 alia
1418 1845 1514 1884 manu
1532 1813 1655 1914 *scripta
1688 1831 1719 1880 et

298 1945 332 1986 ex
348 1930 409 1987 alio
430 1931 534 1988 codice
555 1927 714 2004 excerpta.)
733 1923 807 2009 legit
826 1921 885 1982 sibi
904 1920 1044 1982 homines
1064 1923 1133 1981 -in
1155 1921 1222 2000 quis
1242 1921 1301 1979 fnit
1321 1949 1339 1964 -
1355 1922 1495 2002 pericula
1515 1932 1546 1981 et
1564 1921 1719 1982 insidias·

299 2028 372 2088 inde
392 2031 520 2090 siciliam
541 2063 555 2076 -
583 2027 712 2088 induciae
738 2025 888 2086 dabantur
906 2057 924 2072 ·
952 2045 1060 2088 arero
1081 2034 1111 2086 et
1131 2025 1213 2085 bono
1233 2025 1311 2084 inire
1331 2056 1348 2070 ·
1370 2024 1472 2086 diebat
1491 2057 1507 2070 -
1532 2025 1567 2084 in
1588 2025 1718 2108 imperio

299 2133 363 2196 nati
372 2163 391 2181 -
411 2133 444 2194 in
455 2153 550 2214 remp.
562 2132 672 2192 damna
686 2140 776 2214 atque
785 2165 802 2176 -
821 2129 941 2211 (desum
961 2132 1068 2212 multa)
1090 2129 1142 2193 sed
1153 2149 1184 2191 se
1196 2147 1262 2189 suas
1277 2149 1343 2210 spes
1356 2158 1375 2175 -
1394 2149 1429 2190 ex
1444 2130 1592 2192 concione
1602 2129 1717 2192 descet-

296 2241 337 2303 sit
369 2271 388 2288 -
421 2257 539 2302 morere
559 2259 654 2319 quum
683 2241 957 2300 senescereomnia
977 2273 994 2286 -
1016 2248 1054 2300 ut
1074 2235 1262 2298 insidiatores
1282 2264 1301 2283 ·
1320 2233 1464 2298 invidiam
1487 2237 1597 2297 iactam
1623 2256 1683 2298 esse
1699 2271 1716 2282 -

296 2347 330 2406 in
351 2347 450 2427 priore
470 2337 637 2429 partione-
659 2345 845 2428 popularis-
870 2343 1037 2426 parendum
1055 2343 1146 2408 sibi·
1166 2342 1299 2403 secordia
1318 2340 1414 2424 magis
1439 2339 1558 2420 (desunt
1573 2338 1718 2425 pauca)-

296 2451 431 2534 sequitur
448 2471 515 2533 cap.
535 2464 586 2531 47.
602 2471 649 2514 ces
667 2455 819 2514 mittere·
843 2453 1018 2534 temptari·
998 2447 1123 2510 -bumi
1143 2446 1227 2510 arido
1254 2458 1345 2530 atque
1368 2447 1493 2508 amnoso
1509 2452 1715 2538 gignuntur·

295 2555 447 2650 peditibus
465 2556 585 2620 delectis
602 2578 703 2621 suos·
726 2558 913 2620 circuiens·
896 2566 1040 2619 ·rnoute
1062 2537 1261 2640 digrediens·
1276 2555 1506 2654 conspicuus.-
1489 2555 1712 2616 -obscurati·

295 2667 330 2726 in
343 2663 462 2728 dextero
477 2649 596 2730 latore·-
614 2667 723 2727 desinit
736 2664 832 2727 liber
823 2686 856 2726 ιιι
866 2663 978 2729 verbis.
997 2666 1127 2724 marium
1138 2672 1207 2745 post
1216 2662 1367 2747 principia
1355 2643 1558 2744 'habereipse
1571 2681 1687 2726 cum..

710 2847 712 2857 Δ
769 2870 1000 2950 Fragmenta
1025 2860 1227 2926 Vaticana.

372 3025 540 3090 Commode
553 3021 677 3102 accidit,
699 3030 733 3081 ut
746 3030 906 3102 antequam
924 3019 970 3078 111
990 3021 1133 3080 volumen
1150 3019 1387 3080 salustianorum
1411 3017 1705 3088 Commentariorum

291 3135 491 3212 evulgaretur,
510 3127 656 3188 Vaticana
675 3125 799 3185 Salustii
819 3126 1003 3214 fragmenta,
1024 3123 1061 3184 de
1082 3123 1191 3206 quibus
1212 3121 1368 3186 Garatonii
1390 3121 1596 3189 testimonium
1617 3150 1706 3211 supra

292 3234 453 3314 adscripsi,
474 3230 512 3292 ad
535 3251 590 3290 nos
612 3230 811 3312 pervenirent.
849 3229 931 3298 Nam
950 3224 1055 3292 eodem
1080 3232 1141 3292 sere
1166 3240 1302 3312 tempore
1322 3241 1353 3293 et
1379 3232 1417 3292 ab
1438 3231 1551 3318 singulo
1572 3235 1655 3316 Majo
1676 3245 1706 3298 et

291 3362 310 3403 a
335 3337 503 3422 Kreyssigio
530 3336 593 3400 Π.
618 3336 683 3396 DD.
707 3335 786 3398 edita
826 3347 856 3398 et
881 3338 1028 3399 illustrata
1059 3337 1138 3399 sunt.
1156 3337 1183 3416 ⁸)
1224 3337 1262 3398 Et
1293 3336 1345 3400 hic
1370 3326 1499 3420 ¹quidem
1529 3339 1704 3426 apographo

290 3447 444 3522 utebatur,
467 3443 549 3527 quod
575 3445 612 3507 V.
635 3441 881 3507 ctuiouhrius
906 3445 935 3504 ei
959 3443 1181 3526 transmiserat3
1212 3445 1265 3506 ille
1285 3445 1344 3504 suis
1368 3445 1461 3525 ipsius
1493 3447 1588 3508 oeulis
1626 3467 1701 3528 pras-

291 3554 470 3618 stantissims
498 3553 652 3612 literarum
676 3549 851 3612 Latinarum
879 3559 1075 3612 rnonumenta
1111 3551 1319 3632 perlustravit,
1354 3571 1418 3633 quae
1435 3560 1477 3611 'et
1506 3551 1568 3637 ipse
1602 3563 1703 3617 vetus·

1421 3753 1429 3793 p
1533 3734 1667 3768 μ’.

1419 3798 1465 3825 tr

370 3890 397 3968 ⁸)
419 3889 488 3967 (cfr.
509 3887 711 3948 Commentat.
731 3888 768 3948 de
788 3888 825 3949 G.
844 3885 943 3967 Crispi
955 3887 1076 3951 Salustii
1099 3887 1297 3951 Historiarum
1321 3885 1388 3950 Lib.
1404 3885 1459 3954 111.
1481 3863 1653 3972 fragmentis
1666 3908 1700 3950 ex

290 3994 473 4057 bibliotheca
493 3992 648 4067 christinae
658 4035 669 4069 ,
688 3994 848 4056 Succorum
866 3993 1002 4077 Reginae,
1024 3995 1056 4053 in
1074 3973 1249 4058 Vaticanum
1267 3995 1426 4056 translatis.
1448 4000 1516 4057 Pars
1535 3995 1561 4056 Ι.
1580 3995 1699 4056 Misenis

289 4100 565 4164 Mucccxxvtu.
585 4100 659 4160 Pars.
679 4099 720 4160 H.
740 4099 988 4162 Mucccxxtx.
1009 4097 1129 4162 auctore
1159 4102 1202 4163 M.
1222 4101 1341 4162 Joanns
1360 4100 1496 4182 Theoph.
1517 4100 1694 4184 Kreyssigio.

288 4220 318 4269 et
337 4209 418 4272 Nova
437 4209 621 4290 Scriptorum
645 4207 821 4268 Latinorum
844 4207 991 4270 collectio
1009 4205 1111 4270 Romae
1131 4205 1404 4272 Mucccxxvtss
1425 4205 1462 4266 ab
1480 4207 1593 4288 Angelo
1612 4204 1695 4282 Majo
1773 4204 1775 4208 ’

288 4313 373 4376 edita.
395 4315 479 4376 Tom.
500 4315 525 4375 1.
548 4312 618 4388 416.
638 4313 715 4393 sqq.)
766 4387 770 4410 Ι
