4282 5390
436 515 489 607 48

435 725 506 787 quo
525 711 662 767 auctore
681 702 751 768 viri
778 702 870 767 docti
893 697 1079 782 affirmant)
1100 692 1249 783 'gloriam
1270 715 1386 760 rerum
1406 696 1454 776 ab¹
1469 697 1541 775 ejus
1560 703 1658 782 patre
1679 708 1850 784 gestarum

436 810 593 894 Pompeji
615 809 776 872 laudibus
794 807 1008 872 celebrandis
1030 801 1211 869 ohscurar'e
1224 802 1387 866 noluisse.
1409 805 1569 866 Ceterum
1590 825 1632 868 ex
1651 807 1753 885 hujus
1766 811 1851 877 libri

434 915 582 978 introitu
606 915 707 977 facile
727 922 840 998 patet,
860 911 1047 975 Salustium
1067 912 1180 994 ipsum
1203 911 1242 971 in
1265 909 1497 973 Historiarum
1518 909 1619 975 libris
1639 933 1851 996 componen.

359 1101 362 1105 Ι
436 1021 491 1082 dis
508 1020 617 1096 majus
636 1024 813 1102 quoddam
834 1039 919 1103 opus
938 1018 1081 1103 aggredi
1101 1019 1169 1080 sibi
1187 1017 1298 1079 visum
1321 1035 1412 1091 esse,
1432 1018 1524 1080 unde
1543 1016 1636 1080 inter
1658 1021 1851 1108 praeclaris-

433 1126 602 1189 simorum
623 1128 830 1210 scriptorum
851 1127 966 1188 laudes
983 1146 1051 1188 suae
1071 1123 1191 1208 gloriae
1215 1123 1331 1184 locum
1351 1122 1506 1184 futurum
1527 1141 1599 1185 esse
1619 1134 1849 1208 arguraretur.
1888 1140 1891 1145 “

434 1232 668 1316 Quamobrem
686 1230 837 1298 breviter
859 1235 901 1294 de
916 1228 1161 1292 historicorum
1172 1230 1410 1290 Romanorum
1419 1226 1606 1291 virtutibus
1624 1229 1714 1314 egit,
1734 1239 1851 1314 etqua

431 1337 578 1418 quisquc
588 1335 635 1402 ¹re
658 1337 877 1416 excelluerit,
897 1335 1012 1421 paucis
1028 1333 1192 1417 exposuit.
1213 1337 1256 1396 Id
1274 1332 1368 1396 enim
1384 1332 1511 1412 Marius
1526 1333 1725 1426 Victorinus
1740 1336 1851 1421 signi-

430 1441 511 1504 ficat
531 1444 570 1505 in
588 1445 727 1509 Rbetor.
756 1447 823 1506 Cic.
844 1466 878 1524 p.
901 1459 969 1519 149.
990 1440 1167 1513 «Historia
1189 1448 1223 1502 et
1243 1439 1357 1502 brevis
1384 1459 1455 1502 esse
1476 1439 1579 1501 debet
1599 1440 1636 1532 in
1661 1441 1848 1525 expositio-

413 1561 476 1609 ·ne
495 1558 529 1609 et
551 1560 668 1632 aperta
691 1559 725 1610 et
749 1547 960 1631 probabilis,
988 1553 1027 1608 ut
1050 1544 1217 1606 Salustius
1238 1544 1307 1607 sibi
1325 1545 1444 1606 omnia
1471 1544 1509 1604 in
1533 1544 1683 1608 Catilina
1707 1547 1847 1610 tribuit:

432 1653 552 1732 Quam
576 1651 756 1716 verissime
772 1661 906 1737 potero
920 1647 1056 1736 paucis
1076 1649 1276 1728 absolvam,
1296 1657 1330 1712 et
1354 1669 1431 1710 cum
1454 1647 1534 1712 aliis
1547 1648 1848 1736 ‚historiographis
1869 1693 1873 1702 ·

430 1754 568 1840 singula
589 1759 786 1822 tradidisset
803 1760 879 1821 Lib.
896 1762 922 1822 l.
948 1758 1196 1840 Historiarum,
1217 1758 1276 1818 dat
1295 1753 1418 1816 Catoni
1435 1755 1653 1818 brevitatem:
1686 1753 1851 1821 Romani
1920 1821 1921 1826 ,

427 1857 572 1947 generis
588 1845 847 1927 disertissimus
871 1868 990 1928 multa
1007 1859 1141 1945 paucis
1156 1856 1328 1941 absolvit3
1351 1858 1484 1924 Fannio
1505 1861 1716 1927 veritatem.»
1745 1862 1848 1924 Haud

430 1965 536 2028 dubie
561 1967 664 2029 etiarn
682 1969 834 2051 reliquos
860 1971 1061 2054 historicos,
1092 1969 1238 2032 Fabium
1263 1968 1450 2071 Piqtorem,
1478 1968 1640 2041 Caelium,
1669 1965 1847 2040 Pisonem,

429 2069 613 2132 Claudium
633 2075 920 2159 Quadrigarium,
935 2076 1108 2144 Valerium
1122 2076 1313 2158 Antiatem,
1332 2073 1506 2138 Rutilium
1525 2073 1682 2153 aliosque
1696 2093 1848 2137 comme·
1944 2149 1947 2154 ¹

427 2180 637 2254 moraverat,
657 2177 841 2252 dequibus
857 2179 917 2238 cfr.
938 2187 1062 2254 praeter
1073 2181 1234 2241 Vossium
1251 2182 1294 2241 de
1313 2181 1441 2240 Histor.
1459 2177 1594 2236 Latinis
1613 2177 1726 2235 Fried.
1739 2179 1847 2238 Lach-

428 2295 544 2338 mann.
569 2279 611 2340 de
632 2278 768 2344 Fontib.
790 2278 879 2340 Hist.
897 2281 935 2342 T.
957 2279 1051 2341 Livii
1068 2283 1199 2348 Comm.
1224 2283 1280 2341 Pr.
1301 2282 1431 2338 iti-23.
1453 2281 1584 2338 Comm.
1606 2277 1673 2337 Alt.
1691 2289 1719 2348 s.
1735 2278 1845 2362 8-17.

428 2381 493 2444 Cui
525 2383 666 2464 quidem
693 2384 901 2468 scriptorum
935 2384 1191 2447 enumerationi
1221 2384 1327 2443 verba
1357 2383 1552 2456 adjunxisse
1583 2381 1721 2446 videtur
1746 2383 1788 2452 fr.
1816 2389 1846 2448 3.

427 2487 507 2555 Nos
530 2487 569 2549 in
590 2495 700 2550 tanta
722 2478 1018 2544 doctissimorum
1042 2479 1232 2540 hominum
1255 2475 1372 2559 copia.

429 2573 449 2657 ,⁵
505 2593 574 2650 Sed
594 2586 686 2649 nulli
708 2583 874 2647 historico
893 2583 1060 2646 Salustius
1085 2583 1292 2666 plusquam
1317 2581 1479 2647 Cornelio
1504 2587 1656 2654 Sisennae
1682 2591 1844 2668 tribuisse

426 2692 564 2755 videtur
591 2688 652 2752 cfr.
673 2691 833 2772 Jugurth.
859 2709 887 2748 c.
915 2690 965 2764 95.
988 2692 1083 2768 quod
1104 2688 1340 2751 testimonium
1367 2709 1389 2750 a
1416 2689 1581 2756 Cicerone
1604 2695 1840 2780 confirmatur,

426 2797 489 2879 qui
506 2814 585 2859 eum
604 2798 745 2858 doctum
761 2793 896 2876 virum,
916 2792 1040 2856 studiis
1054 2793 1195 2876 optimis
1214 2795 1380 2877 deditum,
1397 2798 1486 2861 bene
1500 2798 1622 2863 Latine
1641 2801 1844 2881 loquentem

427 2920 642 2988 gnarumque
675 2899 876 2982 reipublicae
904 2898 998 2961 dicit.
1031 2900 1101 2983 Qui
1127 2921 1205 2962 cum
1236 2900 1326 2962 belli
1351 2900 1465 2965 civilis
1495 2903 1631 2965 Sullani
1658 2906 1842 2971 historiam

425 3008 618 3091 scripserit,
648 3005 822 3069 Salustius
834 3005 906 3083 ejus
933 3005 1024 3068 vices
1043 3005 1142 3086 quasi
1159 3006 1347 3091 excepisse,
1370 3016 1404 3070 et
1423 3007 1608 3094 suioperis
1627 3007 1844 3076 initiumfe..

428 3112 512 3174 cisse
526 3112 681 3192 videtur,
701 3111 762 3191 qui
780 3111 877 3172 illius
893 3110 1116 3174 historiarum
1136 3113 1216 3175 finis
1232 3098 1352 3177 iuerat.
1373 3115 1486 3198 Quam
1501 3116 1546 3182 ad
1559 3135 1632 3179 rem
1651 3115 1842 3200 suscipien-

428 3218 508 3277 dam
520 3236 600 3279 eum
613 3235 685 3279 non
698 3219 802 3278 modo
812 3216 921 3298 ipsius
930 3216 1123 3300 argumenti
1135 3217 1282 3299 gravitas
1293 3219 1502 3299 permovisse
1510 3220 1657 3305 videtur,
1666 3225 1725 3286 sed
1736 3222 1841 3286 etiam

427 3323 522 3401 quod
535 3321 608 3405 ipse
617 3322 760 3386 illorum
771 3330 964 3404 temporum
972 3321 1114 3402 aequalis
1123 3320 1200 3404 fuit,
1215 3328 1249 3384 et
1259 3323 1533 3410 rectejudicavit,
1549 3345 1718 3389 summam
1728 3328 1840 3393 histo-

425 3423 487 3488 riae
497 3427 638 3490 laudern
652 3429 695 3492 iis
706 3428 744 3490 in
757 3428 858 3490 rebus
872 3426 1087 3489 illustrandis
1096 3445 1166 3488 esse
1176 3427 1341 3509 positam,
1359 3449 1436 3506 quae
1450 3427 1559 3510 ipsius
1573 3431 1751 3512 scriptoris
1766 3453 1838 3497 me-
1948 3505 1954 3512 ¹

425 3529 538 3593 moria
559 3541 661 3616 gestae
679 3533 758 3596 sint.
780 3536 937 3596 Ceterum
956 3531 1113 3614 quamvis
1132 3530 1170 3591 in
1193 3529 1416 3594 historiarum
1434 3530 1535 3594 libris
1553 3533 1720 3598 Salustius
1739 3538 1837 3600 aliud

426 3644 560 3700 secutus
580 3657 651 3700 esse
675 3638 853 3716 videntur,
874 3657 979 3720 quam
997 3638 1036 3699 in
1060 3636 1229 3719 iugurtha
1245 3644 1348 3717 atque
1373 3635 1537 3719 Catilina,
1558 3657 1671 3719 neque
1690 3639 1836 3705 strictim

426 3723 638 3823 carptimquc
657 3745 717 3804 sed
748 3742 857 3805 fusius
882 3731 984 3824 atque
1009 3749 1174 3824 perpetua
1198 3739 1343 3802 historia
1359 3739 1455 3802 illius
1478 3743 1643 3824 temporis
1664 3753 1739 3810 acta
1755 3768 1836 3830 per-

425 3846 616 3931 scripsisse,
637 3856 752 3911 tamen
762 3868 880 3930 perse
899 3855 1011 3930 patet,
1032 3848 1181 3909 eundem
1197 3845 1364 3909 orationis
1379 3846 1530 3910 colorem
1546 3849 1589 3909 ab
1605 3869 1646 3912 eo
1661 3861 1835 3921 ¹servatum

426 3948 541 4010 fuisse.
571 3954 658 4013 Cum
686 3953 778 4017 enim
803 3952 899 4014 varia
926 3953 1076 4015 aliorum
1105 3951 1247 4037 ingenia
1271 3949 1372 4013 facile
1400 3951 1672 4020 innumerabiles
1697 3958 1833 4022 dicendi

425 4049 553 4114 formas
570 4054 764 4137 figurasque
780 4057 1068 4140 complectantur,
1090 4051 1130 4119 ea
1143 4057 1210 4118 fuit
1227 4055 1368 4118 Salustii
1388 4055 1536 4140 indoles,
1550 4067 1588 4120 ut
1609 4060 1663 4121 sui
1682 4062 1834 4126 dissimi-

426 4157 471 4221 lis
482 4177 552 4220 csse
569 4178 641 4221 non
659 4169 782 4246 posset.
802 4166 922 4243 Itaque
942 4161 1160 4244 prooemium
1176 4145 1302 4244 quoin
1317 4161 1539 4225 historiarum
1550 4163 1650 4227 libris
1665 4185 1745 4228 usus
1762 4185 1832 4231 esse

428 4264 584 4341 videtur,
611 4285 685 4328 non
708 4269 856 4331 multum
880 4269 923 4330 ab
947 4267 991 4330 iis
1012 4267 1197 4345 abhorret,
1212 4288 1289 4348 quaa
1312 4277 1345 4331 ct
1368 4268 1407 4330 in
1425 4269 1572 4332 Catilina
1592 4291 1619 4332 c.
1646 4276 1775 4346 ro-13.
1797 4281 1832 4336 et

426 4371 504 4455 Jug.
517 4391 545 4432 c.
565 4385 615 4447 41.
632 4385 683 4447 42.
704 4381 918 4455 exposuerat:
939 4375 1000 4437 sed
1017 4382 1056 4437 ut
1073 4371 1238 4451 majorem
1255 4376 1428 4458 quandam
1445 4374 1580 4460 ingenii
1599 4377 1830 4446 maturitatem
