4282 5390
418 498 466 570 16

414 685 686 773 pejiexerritum
701 685 826 750 ilerum
839 676 940 759 vicit,
959 673 1100 758 ejusque
1118 676 1270 762 legatum
1284 675 1489 741 Memmium
1502 693 1582 744 cum
1594 700 1652 748 ser
1665 685 1825 757 millibus
1848 768 1852 774 ¹

413 793 570 859 hostiurn
583 790 765 858 interfecit.
775 789 865 852 Plut.
876 785 1023 855 Sertei.
1041 785 1144 848 Oros.
1153 784 1208 847 tl.
1222 785 1312 848 Tum
1325 790 1359 849 et
1372 783 1611 864 inMetellum,
1624 790 1687 870 qui
1704 802 1823 862 contra

413 900 623 984 Perpernam
634 915 707 964 rem
718 897 809 963 bene
819 897 976 977 gesserat,
993 889 1117 956 infesto
1126 889 1378 970 equoinvectus
1386 897 1446 955 est.
1463 891 1544 976 Qui,
1562 899 1718 975 quemvis
1728 907 1827 967 aetate

412 1004 541 1088 granu
558 1021 638 1066 cnm
646 997 831 1100 fortissime
840 997 999 1064 hostibus
1012 994 1226 1060 irruentibus
1240 996 1433 1074 resisteret,
1446 997 1564 1076 jaculo
1576 1000 1757 1069 transfixus
1768 1013 1827 1071 est.

413 1109 503 1170 rum
513 1123 604 1191 vero,
618 1106 786 1169 Romanis
798 1111 835 1170 et
848 1103 1004 1189 periculo
1022 1103 1120 1168 ducis
1136 1111 1170 1168 et
1185 1106 1319 1187 pudore
1336 1102 1496 1186 incensis,
1508 1105 1828 1200 Sertoriuspulsus,

413 1212 576 1295 proelium
599 1211 797 1278 restitutum
803 1255 814 1289 ,
840 1212 1025 1290 hostesque
1040 1206 1153 1297 fugati
1169 1217 1258 1276 sunt.
1281 1209 1340 1274 cfr.
1357 1210 1446 1275 Piut.
1463 1213 1591 1278 sertor.
1611 1234 1660 1276 21.
1681 1215 1827 1302 Appian.

415 1320 451 1380 B.
471 1318 546 1382 civ.
566 1321 594 1383 Ι.
616 1340 684 1383 110.
705 1319 779 1382 Lir.
800 1317 890 1402 Epit.
908 1316 1010 1378 XCII.
1328 1317 1330 1322 ’

491 1424 665 1489 Sertorius
681 1423 805 1505 igitur,
820 1429 860 1487 ut
876 1421 960 1502 iuga
976 1417 1046 1482 sibi
1062 1418 1169 1482 tutior
1190 1425 1292 1504 essct,
1313 1420 1410 1484 abire
1424 1421 1597 1506 dispersos
1615 1424 1743 1489 milites
1755 1426 1830 1504 Jus-

416 1527 476 1608 sit,
497 1524 711 1609 admonitos,
729 1524 769 1587 in
791 1541 895 1607 quem
919 1523 1036 1586 locum
1064 1523 1122 1588 eo's
1143 1523 1251 1589 vellet
1272 1527 1467 1590 convenire.
1499 1527 1656 1592 Frontin.
1679 1547 1707 1591 s.
1729 1527 1776 1595 13.
1799 1537 1830 1596 3.

414 1631 638 1698 Plutsertor.
648 1631 674 1694 1.
692 1631 717 1694 i.
736 1629 804 1696 Sed
824 1630 985 1694 Metellus
992 1629 1032 1714 θ)
1053 1632 1100 1694 ob
1118 1629 1249 1732 viptum
1264 1631 1456 1694 Sertorium
1470 1641 1602 1696 tantum
1618 1634 1687 1697 sihi
1699 1635 1832 1714 sumsit,

417 1743 459 1798 ut
483 1742 517 1802 et
536 1737 780 1822 imperatorem
795 1757 832 1803 se
850 1737 921 1801 dici
940 1743 1136 1823 pateretur,
1157 1744 1197 1800 ut
1215 1737 1254 1800 in
1270 1738 1473 1803 ulteriorem
1494 1739 1701 1823 Hispaniam
1723 1744 1832 1805 redux

421 1843 495 1910 dies
512 1842 616 1909 festos
633 1853 763 1932 ageret,
782 1849 897 1930 neque
921 1843 1060 1911 divinos
1082 1845 1236 1911 honores
1260 1853 1442 1911 recusaret.
1474 1845 1567 1910 Plut.
1588 1847 1671 1923 Sert.
1693 1867 1742 1909 22.
1761 1845 1828 1908 Sal.

418 1946 542 2035 fragm.
558 1951 742 2038 listu‘ll)
1836 1973 1840 1976 ·

335 2292 342 2295 -
455 2271 458 2278 ’
502 2263 543 2344 ⁶)
557 2265 617 2326 ¹rid
633 2264 724 2326 hano
741 2283 895 2348 pugnam
913 2265 989 2324 haec
1002 2261 1218 2319 Livii-verbu
1236 2261 1522 2334 referendos-aq.
1539 2261 1702 2322 ltetellus
1718 2243 1836 2326 Se‘rtoss

419 2369 513 2431 rium
532 2375 565 2432 et
584 2367 794 2450 Perpernam
812 2371 891 2434 cum
911 2366 1051 2429 duobus
1067 2359 1272 2425 exercitibus
1291 2355 1418 2438 proelio
1439 2355 1546 2439 fudit,
1568 2359 1663 2436 eujus
1680 2362 1834 2436 rictoriae

418 2481 552 2557 partem
565 2471 709 2553 eripiens
718 2467 808 2527 ferre
822 2463 1006 2542 Pompejus
1017 2481 1140 2542 parum
1155 2479 1317 2544 prospere
1328 2458 1528 2542 pugnavit.»
1547 2461 1615 2528 Cfr.
1629 2466 1717 2546 Epit.
1728 2469 1833 2539 XCIL

419 2587 460 2641 et
472 2581 570 2649 Oros.
589 2573 614 2634 l.
630 2568 892 2645 l..«Memmins‚
911 2573 1060 2648 questos
1073 2563 1247 2648 Pompeji,
1267 2566 1431 2646 idemque
1450 2565 1505 2630 vir
1518 2569 1645 2638 sororis
1661 2570 1834 2658 ejus,100-

378 2735 381 2744 ⁴
423 2687 510 2744 oisus
524 2686 638 2742 est».
969 2690 979 2696 ·’
1680 2727 1682 2730 .
1720 2681 1724 2690 ’

433 2815 438 2823 -
504 2781 568 2866 ὓθ)
588 2781 756 2867 Quamvis
775 2782 818 2842 de
834 2777 937 2856 hujus
961 2775 1045 2838 anni
1067 2773 1348 2860 erpcditionibus
1378 2779 1489 2842 multa
1516 2781 1634 2866 plura,
1661 2801 1766 2864 quarn
1790 2786 1843 2872 de,

382 2945 385 2952 .
420 2889 566 2972 reliquis
581 2889 758 2950 memorie
771 2884 842 2948 sint
854 2885 1008 2968 prodita,
1029 2890 1143 2949 tamen
1158 2887 1315 2946 nondum
1332 2885 1451 2947 omnia
1464 2886 1544 2947 satis
1556 2887 1728 2950 illustrata
1742 2894 1832 2952 sunt.

421 2989 517 3080 Quid
535 2993 588 3084 rei
608 2993 702 3065 enim
720 2999 798 3075 post
822 2990 992 3076 proelium'
1004 2985 1235 3074 Saguntinum
1253 2984 1394 3074 'gestum
1417 2990 1478 3075 sit,
1499 2991 1670 3056 incertum
1689 3002 1747 3057 est.
1767 2996 1833 3078 lp-

419 3101 526 3186 piano
547 3105 685 3160 aucto-re
714 3099 748 3158 Β.
776 3097 846 3160 Cic.
870 3095 896 3158 I.
919 3115 985 3158 110.
1014 3095 1186 3158 Sertorius
1203 3103 1341 3178 postero
1362 3097 1439 3171 die,
1462 3099 1547 3160 coelo
1565 3098 1833 3184 jamvvesperas-
1876 3115 1893 3134 ⁶

424 3211 536 3287 cente,
556 3201 690 3266 Metelli
708 3209 816 3265 castra
832 3202 995 3279 incurrit,
1018 3217 1157 3285 sperans
1175 3219 1210 3262 se
1219 3243 1230 3274 ,
1253 3220 1330 3264 cunr
1353 3203 1396 3266 de
1414 3204 1603 3288 improviso
1615 3208 1764 3285 adesset,
1790 3207 1829 3269 in

423 3311 577 3375 hostium
596 3310 826 3395 trepidatione
849 3318 952 3390 atque
977 3309 1128 3370 tumultu
1143 3307 1244 3370 facile
1268 3310 1482 3392 superiorem
1501 3313 1739 3376 discessurum.
1765 3314 1834 3375 Sed

423 3416 580 3501 Pompcji
602 3418 797 3480 interventu
819 3420 938 3479 cedere
962 3405 1096 3478 coactus
1118 3421 1178 3476 est.
1216 3403 1281 3473 Cui
1301 3414 1352 3474 rei
1370 3414 1475 3492 plane
1490 3419 1834 3496 eontrarium,·quod

422 3523 626 3584 Plutarchus
645 3531 775 3599 narrat,
796 3523 986 3585 Sertorium
1004 3521 1042 3582 in
1059 3520 1182 3582 urbem
1195 3518 1273 3578 loco
1296 3523 1328 3577 et
1346 3533 1452 3575 manu
1470 3515 1834 3580 munitissimamcon-
1869 3553 1871 3560 ι
1938 3595 1944 3610 ,

424 3625 562 3712 fugisse.
604 3628 707 3705 Cujus
731 3629 771 3694 in
796 3628 977 3690 obsidione
1007 3647 1085 3686 cum
1109 3627 1224 3686 hostes
1249 3629 1381 3700 tempus
1407 3624 1573 3690 tererent,
1601 3620 1744 3704 milites,
1771 3623 1835 3704 qui

427 3731 570 3794 consilio
586 3731 633 3794 in'
644 3710 794 3796 diverses
811 3742 924 3817 partes
944 3716 1116 3805 abierant,
1132 3727 1189 3789 die
1204 3723 1391 3787 constituto
1406 3743 1611 3806 convenere,
1634 3727 1753 3790 multis
1776 3749 1835 3791 co-

328 3907 330 3918 ,
425 3831 494 3919 piis
507 3838 609 3900 aucti.
631 3837 787 3920 Quorum
804 3839 954 3898 adventu
969 3835 1125 3917 cognito,
1145 3829 1314 3895 Sertorius
1327 3829 1430 3893 facile
1448 3829 1604 3892 hostium
1622 3832 1834 3898 munitiones

297 3956 308 3970 ¹
380 4005 383 4012 ,
426 3940 598 4021 perrupit,
618 3947 740 4002 ettam
761 3939 914 4017 insidiis,
935 3959 1039 4018 quam
1061 3945 1254 4002 commeatu
1274 3944 1365 4000 terra
1396 3935 1553 4016 marique
1579 3935 1835 4021 intercipiendo
1905 3947 1911 3952 '

426 4046 610 4122 hostesque
627 4043 792 4125 perpetuo
810 4038 1025 4114 lacessendo,
1048 4043 1248 4127 eos'coegit,
1269 4049 1311 4104 ht
1321 4041 1432 4124 copiis
1442 4040 1607 4118 sejunctis
1620 4043 1779 4122 Metellus
1795 4044 1833 4104 in

430 4147 562 4230 Gallia,
576 4145 758 4229 Pompejus
775 4145 812 4206 ih
824 4145 971 4210 Vaccaeis
986 4146 1198 4210 hibernaret.
1218 4147 1277 4209 cfr.
1291 4147 1381 4208 Plut.
1400 4149 1485 4210 Sert.
1504 4164 1563 4224 ἠς
1583 4149 1678 4226 qnod
1693 4146 1834 4224 quidem

429 4251 628 4318 confirmari
641 4253 776 4316 videtur
796 4255 856 4333 Ep.
874 4253 992 4336 Pomp.
1015 4255 1059 4315 ad
1075 4255 1154 4314 Ser.
1166 4253 1233 4316 Sal.
1250 4253 1372 4338 fragm.
1390 4258 1419 4314 3.
1439 4274 1485 4314 11.
1506 4251 1643 4325 «Gallia
1655 4251 1833 4332 superiore

337 4401 343 4428 .
428 4378 519 4450 anno
541 4357 676 4424 Metelli
704 4357 890 4425 exercitum
909 4357 1082 4441 stipendio
1109 4357 1350 4440 frumentoque
1370 4357 1507 4426 aluit».
1521 4357 1588 4421 Sed
1612 4349 1834 4439 Plutarchus,
