4230 5348
367 481 522 554 106·
669 569 674 580 Ι

365 676 466 750 bent,
488 674 580 752 nulli
601 681 690 741 sunt.
711 672 772 736 cir.
799 685 902 756 supra
920 673 965 734 ad
990 670 1092 734 Catil.
1111 692 1140 735 c.
1160 692 1188 732 2.
1234 663 1318 732 Tibi
1333 667 1368 731 si
1377 675 1559 752 perpetua
1572 689 1670 754 pace
1684 667 1777 764 frui

367 776 463 863 licet,
484 776 560 844 nisi
576 780 698 845 hostes
719 773 923 862 opportuni
939 783 975 842 et
996 771 1258 858 scelestissimi,
1279 770 1427 866 egregia
1445 769 1565 861 fama,
1585 772 1621 839 si
1638 778 1775 844 Roma-

365 907 434 949 nos
458 879 696 968 oppresseris,
707 879 851 973 futura
873 891 945 948 est:
966 883 1016 948 ita
1034 881 1125 947 Edit.
1148 885 1279 952 Veneta
1298 891 1333 947 et
1353 883 1444 949 vate.
1466 905 1495 949 1.
1515 901 1552 962 23
1573 903 1675 966 quam
1698 886 1776 965 qui-

367 993 445 1052 dem
461 989 646 1054 lectionem
668 1010 690 1052 a
708 988 886 1076 prioribus
898 990 1092 1055 editoribus
1103 989 1198 1056 varie
1213 996 1410 1076 corruptam
1423 998 1458 1054 et
1473 997 1638 1054 tentatam
1655 990 1776 1055 Carrio

365 1095 535 1174 restituit3
563 1095 699 1159 Cortius
724 1091 1012 1162 sceleratissumi
1035 1116 1100 1182 pro
1124 1090 1372 1176 scelestissimi
1392 1097 1532 1182 recepit.
1553 1105 1621 1162 tres
1646 1096 1778 1162 scilicet

368 1199 591 1276 condiciones
609 1200 778 1287 proponit
800 1210 939 1287 auctor,
962 1223 1040 1288 quae
1059 1205 1207 1269 Arsacen
1220 1202 1399 1268 dehortari
1414 1203 1642 1288 videbantur,
1662 1223 1708 1269 ne
1723 1223 1778 1268 so-

368 1306 524 1371 cietatem
546 1329 625 1372 cum
643 1309 847 1374 Mithridate
863 1308 999 1378 iaceret.
1018 1312 1167 1385 «Probat
1185 1318 1300 1376 autem
1316 1309 1355 1373 in
1378 1309 1602 1391 sequentibus
1618 1327 1675 1373 eas
1697 1329 1780 1371 con·

367 1413 522 1478 diciones
535 1415 650 1480 nullas
667 1435 739 1480 esse
745 1442 755 1494 5
776 1435 901 1500 nempe
914 1434 1029 1499 neque
1047 1435 1168 1502 pacem
1187 1414 1404 1498 habiturum,
1425 1415 1594 1480 ethostcs
1612 1420 1780 1498 opportu-

257 1554 262 1564 ·
367 1539 431 1582 nos
450 1528 554 1601 atque
573 1522 831 1586 scelestissimos
841 1541 931 1601 esse,
952 1531 988 1588 et
1000 1542 1161 1610 magnam
1180 1522 1329 1610 gloriam
1342 1529 1547 1604 secuturam,
1555 1507 1591 1584 si
1603 1523 1781 1584 Romanos

367 1627 606 1710 oppresserit.»
632 1630 723 1691 cort.
743 1631 846 1694 mala
869 1651 951 1694 mea
976 1651 1059 1694 cum
1087 1628 1164 1694 tuis
1188 1625 1294 1696 bonis
1314 1622 1492 1692 misceri»
1512 1629 1589 1710 Ipse
1613 1625 1782 1689 Salustius

366 1730 628 1814 interpretatur,
656 1733 735 1818 Jug.
761 1753 789 1800 c.
815 1739 865 1814 73.
885 1756 920 1798 n.
943 1749 976 1800 rt
1006 1731 1246 1822 reflorentes
1270 1755 1329 1801 res
1356 1755 1443 1798 suas
1468 1754 1551 1797 cum
1577 1730 1782 1822 Jugurthae
1849 1757 1854 1767 ·

364 1832 520 1919 perditis
541 1840 726 1919 misceret,
747 1837 944 1923 opportuda
960 1846 995 1904 et
1010 1840 1127 1906 Plauti
1142 1841 1310 1906 sententia
1329 1861 1351 1904 a
1368 1840 1485 1906 Douza
1497 1839 1656 1904 laudata:
1678 1832 1783 1900 bonis

369 1936 445 2004 tuis
464 1941 572 2006 rebus
589 1963 688 2008 meas
711 1963 771 2005 res
794 1937 927 2008 irrides
951 1945 1104 2008 malas.»
1122 1947 1228 2015 idem.
1248 1946 1374 2032 Atque
1396 1969 1440 2012 ea
1464 1946 1515 2010 ita
1539 1942 1625 2007 libri
1643 1943 1783 2024 Mscrpt.

369 2055 404 2112 st
422 2048 513 2109 Edit.
532 2037 654 2111 VenetJ
667 2051 763 2126 quod
785 2057 820 2110 et
839 2049 1003 2114 hocloco
1024 2052 1275 2117 restituendum
1292 2052 1482 2136 multisque
1496 2049 1596 2127 aliis,
1627 2046 1691 2110 ubi
1707 2046 1786 2110 vul-

371 2171 417 2237 go
436 2148 693 2234 atquilegitur.
712 2149 773 2213 ira
794 2185 837 2203 -
853 2150 944 2214 belli
962 2157 1007 2218 de
1022 2155 1119 2220 hello
1137 2155 1302 2240 Tigranis
1315 2164 1436 2220 contra
1456 2154 1601 2218 Parthos
1620 2150 1681 2216 cfr.
1695 2150 1785 2214 Plut.

370 2256 505 2320 Lucull·
532 2276 560 2318 c.
584 2275 646 2318 21:
667 2251 728 2328 καὶ
755 2244 809 2341 τὴν
841 2242 1012 2353 ripen,
1045 2255 1091 2340 ῶς
1121 2241 1232 2342 imae
1262 2253 1360 2342 ridde
1391 2245 1526 2358 δύναμιν
1561 2253 1783 2332 semerom.

371 2379 405 2436 et
417 2370 493 2434 Dio.
507 2372 600 2434 Cass.
608 2370 738 2435 XXXV.
755 2374 824 2439 ι.3.
835 2364 963 2436 sicera
979 2365 1205 2436 existumare
1219 2375 1325 2438 voles.
1345 2373 1395 2434 ita
1411 2374 1503 2438 Vati.
1520 2379 1554 2436 et
1570 2374 1692 2437 Venet.
1712 2389 1787 2433 nou

369 2486 568 2542 aestumare
588 2479 685 2559 quod
706 2477 820 2538 adhuc
836 2473 1016 2558 vulgatum
1033 2480 1095 2538 est.
1115 2472 1176 2537 cfr.
1194 2473 1254 2536 Or.
1269 2470 1382 2537 Licin.
1397 2472 1477 2536 init.
1498 2473 1569 2537 Cic.
1589 2493 1655 2559 pro
1677 2475 1786 2542 Goelio

373 2601 446 2666 cap.
460 2605 488 2645 1.
506 2582 544 2644 Si
557 2585 734 2648 attendere
747 2579 945 2665 diligenter,
957 2576 1163 2644 existumare
1176 2595 1258 2643 vere
1268 2579 1312 2642 de
1328 2576 1427 2642 omni
1444 2577 1510 2644 hac
1523 2580 1786 2654 causavolueri-

376 2687 432 2751 tis.
455 2684 525 2748 Cic.
539 2686 588 2747 ita
610 2685 715 2748 alibi:
736 2684 904 2750 sinerum
923 2683 1126 2765 quaerimus,
1146 2684 1178 2749 si
1196 2705 1317 2777 verum
1334 2685 1424 2751 scire
1437 2684 1507 2765 vis3
1527 2685 1628 2750 item:
1653 2687 1788 2771 perspi-

375 2809 451 2856 cere
465 2811 603 2874 verum,
622 2809 703 2854 vera
712 2790 890 2874 judicare,
909 2808 1059 2872 quorum
1071 2784 1297 2854 oestimantes
1306 2790 1399 2854 nihil
1410 2790 1607 2856 faeuntac.
1616 2791 1788 2856 obnoxius
1828 2785 1855 2830 ‘-

376 2895 436 2961 cir.
457 2915 560 2981 supra
577 2897 656 2981 Jug.
679 2899 731 2960 δι.
751 2894 851 2959 Catil.
873 2914 921 2958 ρο.
942 2896 1003 2960 sed
1029 2893 1118 2986 falso
1137 2894 1274 2958 Cottius
1294 2915 1375 2960 eum
1395 2896 1605 2980 obnoxium,
1627 2879 1669 2962 eu
1691 2895 1787 2961 hello

377 3003 477 3087 culpa
499 3010 690 3086 contracta,
708 3001 812 3079 dicite
832 3020 912 3064 nam
932 3001 1049 3086 potius
1069 3020 1111 3066 ea
1133 3019 1234 3065 causa
1247 3000 1316 3064 fuit
1335 3001 1527 3084 obnoxius,
1547 3006 1643 3083 quod
1663 3021 1791 3088 magna

379 3112 475 3175 clade
495 3118 632 3193 accepta
654 3107 763 3173 alieni
789 3105 915 3170 auxilii
934 3107 1066 3192 egebit.
1087 3127 1194 3170 usum
1210 3102 1310 3172 dedit
1331 3105 1419 3171 bene
1432 3102 1614 3173 suadendi
1633 3108 1695 3170 cfr.
1714 3109 1788 3174 Liv.

378 3219 429 3280 36.
453 3237 481 3298 7.
502 3217 586 3280 Cato
605 3236 660 3299 ap.
684 3214 774 3277 Gell.
803 3234 833 3295 7.
853 3217 882 3278 3.
911 3208 1043 3296 cupido
1064 3205 1266 3299 profunda.
1289 3211 1349 3279 cfr.
1372 3214 1451 3297 Jug.
1472 3214 1523 3278 81.
1542 3222 1578 3293 et
1598 3213 1722 3278 Justiu
1739 3217 1801 3278 38.v

377 3324 417 3399 63
436 3324 515 3384 Tac.
535 3322 571 3385 h.
586 3339 617 3400 4.
639 3335 689 3402 74.
712 3340 786 3400 qua
793 3315 920 3402 primo
940 3340 1023 3384 cum
1038 3319 1087 3384 ita
1103 3321 1193 3382 Vatt.
1214 3320 1310 3400 quod
1329 3325 1474 3403 propter
1486 3320 1699 3404 euphoniam
1712 3320 1790 3383 vul·

336 3490 337 3498 ,
377 3436 464 3514 gatae
483 3426 747 3514 praeferendum.
767 3426 884 3488 Doura
899 3424 1126 3518 indefuovam
1144 3424 1331 3491 lectionem
1350 3423 1532 3489 confinxit:
1553 3426 1611 3489 ad·
1624 3445 1725 3507 quoe,
1746 3447 1790 3489 ea

378 3531 757 3614 etc-Irortabuntur
770 3569 811 3584 -
832 3529 1017 3596 durissime
1031 3535 1066 3594 et
1083 3529 1170 3594 citra
1177 3550 1316 3596 omnem
1338 3531 1586 3597 necessitatem.
1606 3549 1689 3593 cum
1705 3549 1790 3620 rege
1886 3559 1888 3564 ·

377 3637 626 3704 Macedonum
640 3631 815 3720 Philippo
827 3633 959 3701 bellum
976 3656 1169 3719 sumpsere.
1186 3635 1310 3702 cfrrad
1323 3640 1403 3724 Jug.
1420 3655 1478 3718 ²⁰3
1497 3638 1573 3701 Tac
1583 3635 1673 3700 Hist.
1687 3653 1718 3712 4.
1734 3638 1790 3714 69:

256 3785 267 3799 -
379 3742 472 3807 sumi
485 3727 621 3808 bellum
646 3743 752 3810 etiam
769 3743 814 3806 ab
838 3736 992 3830 ign'aris,
1011 3744 1243 3808 strenuissimi
1261 3743 1425 3825 cujusque
1445 3743 1602 3830 periculo
1620 3742 1711 3830 geri3
1731 3761 1791 3804 su·

381 3869 479 3912 mere
503 3850 610 3935 igitur
633 3848 727 3915 idem
747 3855 814 3928 est,
840 3851 936 3932 quod
966 3857 1091 3935 sponte
1116 3849 1306 3935 suscipere,
1326 3849 1501 3935 incipere,
1520 3850 1616 3916 bello
1638 3845 1790 3931 aiiquem

382 3959 509 4035 petere.
530 3956 698 4020 Caeterum
717 3976 781 4041 per
800 3973 836 4020 sc
854 3963 964 4041 patet,
984 3975 1062 4037 qum
1082 3959 1126 4021 de
1148 3955 1258 4019 causis
1275 3955 1451 4021 bellorum
1468 3955 1664 4038 exposuerit
1681 3951 1790 4017 Mith-

382 4055 531 4132 ridates,
560 4076 685 4130 eorum
709 4059 817 4125 fidem
833 4080 907 4126 non
924 4060 1074 4126 Salustio
1102 4055 1175 4126 esse
1196 4063 1436 4144 praestandam.
1456 4059 1676 4122 Mithridates
1695 4057 1791 4123 enim

268 4185 273 4194 ·
384 4161 433 4224 ita
452 4162 602 4242 loquens
620 4161 818 4249 inducitur,
840 4175 880 4230 ut
905 4186 1022 4253 regem
1041 4167 1127 4231 olim
1147 4165 1254 4230 totius
1278 4167 1368 4232 Asiae
1385 4162 1681 4248 potentissimum,
1697 4183 1791 4226 nuuc
1871 4136 1913 4222 ts

386 4265 494 4330 cladis
519 4277 665 4354 acceptae
694 4272 816 4338 dolore
839 4273 990 4358 graviter
1016 4271 1181 4338 afflictum
1201 4273 1307 4338 rerba
1326 4271 1446 4336 iecisse
1468 4267 1572 4335 facile
1593 4269 1790 4333 credideris.

386 4373 586 4459 Ingeniosus
603 4373 725 4461 igitur,
744 4385 784 4440 ut
800 4377 891 4443 bene
909 4375 1063 4463 Cortius,
1085 4381 1193 4443 estad
1213 4379 1346 4444 crimen
1358 4375 1561 4462 fingendum
1574 4373 1792 4444 Mithridates
