4282 5390
1703 444 1752 538 45

354 645 466 723 cente,
489 636 551 730 qui
577 651 676 699 areo
695 632 843 720 pecunia
872 633 1052 717 corruptus
1071 632 1268 717 turpissime
1288 636 1527 720 praevaricatus
1548 647 1607 706 est.
1641 645 1762 708 Asson

351 753 387 812 in
408 748 467 811 Or.
490 745 528 809 in
544 746 630 826 Tog.
654 738 790 807 candid.
811 761 844 823 p.
865 743 934 815 145.
957 754 1026 822 147.
1047 738 1117 803 Cic.
1138 740 1181 804 de
1200 741 1346 828 Harusp.
1368 745 1534 829 Respons.
1555 768 1584 811 c.
1602 765 1652 811 ao.

293 869 298 876 Ι
392 895 499 974 Αηηί
521 889 674 968 DCXC.
701 892 745 964 P.
777 888 822 964 U.
850 889 888 962 C.
917 888 1093 967 Consules
1117 893 1157 966 L.
1181 893 1304 967 Julius
1327 893 1376 965 L„
1380 892 1422 991 f
1444 894 1485 968 L.
1514 923 1547 969 n.
1574 896 1723 982 Coesar,

719 1015 757 1089 C.
783 1014 953 1088 Marcius
979 1015 1075 1114 C.f.
1101 1015 1139 1092 Ο.
1165 1045 1200 1090 o.
1225 1018 1389 1118 Figulus.

438 1159 523 1220 Cum
541 1157 579 1220 in
597 1155 672 1222 dies
685 1154 828 1220 licentia
840 1155 989 1219 ambitus
1000 1165 1183 1242 augeretur
1193 1201 1204 1235 ,
1223 1164 1365 1241 propter
1382 1155 1592 1241 praecipuam
1607 1155 1765 1224 catilina

354 1269 388 1328 et
402 1261 547 1327 Antonii
565 1261 760 1345 audaciam,
782 1270 959 1328 censuerat
974 1271 1127 1344 senatus,
1148 1273 1187 1325 ut
1203 1263 1260 1326 lex
1279 1261 1429 1327 ambitus
1451 1270 1550 1326 aucta
1568 1263 1673 1327 etiam
1687 1283 1775 1326 cum

352 1388 454 1452 poena
479 1368 635 1433 ferretur.
664 1368 729 1430 Cui
749 1367 822 1454 legi
843 1391 920 1433 eum
943 1371 984 1454 Q.
1005 1369 1137 1432 Mutius
1158 1369 1338 1432 Orestinus
1367 1376 1408 1431 tr.
1433 1369 1481 1451 pl.
1505 1368 1767 1450 intercessisset,

353 1471 491 1557 Cicero,
512 1473 666 1554 quitum
686 1474 903 1538 consulatum
921 1476 1078 1558 petebat,
1098 1472 1248 1558 graviter
1270 1481 1391 1535 senatu
1416 1473 1697 1538 intercessionem
1715 1473 1767 1536 fe·

351 1585 466 1662 rente,
485 1578 806 1673 contra'Catilinam
828 1589 862 1643 et
878 1580 1066 1642 Antonium
1084 1580 1326 1663 competitores
1342 1578 1535 1652 orationem
1548 1581 1682 1670 habuit.
1707 1579 1767 1644 cfr.

289 1745 292 1750 .
352 1683 473 1746 Ascom
491 1685 632 1770 Argum.
655 1686 714 1748 Or.
739 1687 778 1749 in
801 1693 870 1770 tog.
892 1685 1035 1780 Candid.
1063 1688 1222 1750 Extremo
1247 1685 1351 1765 hujus
1376 1685 1461 1748 anni
1489 1702 1606 1750 mense
1631 1687 1669 1746 P.
1689 1685 1768 1749 Ser-

265 1807 267 1812 ·
350 1787 456 1853 vilius
482 1790 625 1876 Rullus,
653 1791 766 1878 legem
792 1792 1027 1877 promulgavit
1053 1794 1244 1878 agrariam,
1266 1796 1310 1857 de
1332 1812 1401 1874 qua
1428 1791 1489 1855 cfr.
1517 1790 1704 1854 (linotet.
1728 1789 1767 1853 in

351 1893 506 1961 Rullum.
525 1898 640 1964 Julius
658 1900 785 1983 Casas,
797 1899 905 1977 judex
923 1899 1137 1983 quaestionis,
1155 1901 1193 1962 in
1209 1903 1397 1963 exercenda
1407 1902 1451 1961 de
1462 1898 1593 1961 sicariis
1606 1895 1767 1978 quaestio·

351 2019 413 2086 ne,
435 2021 494 2067 eos
511 2023 650 2085 quoque
669 2006 874 2072 sicariorum
895 2024 1041 2068 numero
1061 2003 1207 2087 habuit,
1232 2006 1293 2085 qui
1308 2003 1577 2088 proscriptione,
1600 2001 1768 2066 obcelata

311 2124 316 2130 ·
353 2104 481 2169 civium
495 2110 728 2172 Romanorum
748 2113 878 2193 capita,
909 2109 1072 2192 pecunias
1088 2130 1128 2172 ex
1142 2109 1264 2172 aerario
1284 2117 1494 2183 acceperant.
1517 2109 1578 2166 cfr.
1594 2109 1685 2164 Suet.
1698 2103 1768 2164 Jul.

352 2229 383 2288 9.
402 2206 507 2271 Dion.
524 2208 613 2270 Cass.
629 2213 791 2275 XXXVII.
813 2233 860 2270 ιο.

434 2311 618 2393 Pompejus
629 2313 691 2371 ubi
710 2316 861 2372 Pontum
874 2311 912 2372 in
931 2312 1119 2392 provinciae
1130 2312 1275 2376 formam
1288 2317 1482 2401 redegerat,
1502 2311 1577 2375 Liv.
1593 2310 1682 2395 Epis.
1694 2311 1765 2373 CH.

352 2416 441 2480 Plus.
457 2419 578 2497 Pomp.
600 2435 625 2475 c.
649 2417 700 2474 38.
720 2412 944 2472 Ariobarzani
969 2431 1043 2471 non
1067 2417 1181 2475 solum
1202 2418 1353 2494 patrium
1372 2420 1596 2497 Cappadociae
1618 2435 1765 2502 regnum

351 2520 516 2597 restituit,
538 2522 598 2582 sed
617 2518 720 2583 etiam
732 2519 943 2604 Gordyenen
959 2524 992 2581 et
1010 2518 1195 2600 Sophenen
1206 2517 1355 2595 addidit3
1377 2537 1447 2598 quo
1464 2517 1553 2578 facto
1573 2521 1612 2578 in
1627 2523 1765 2602 Syriam

288 2699 291 2716 Ι
355 2626 544 2691 contendit.
564 2628 650 2708 App.
669 2623 862 2686 Mithridat.
884 2644 911 2686 c.
939 2624 1006 2686 150.
1026 2625 1069 2684 In
1088 2623 1214 2685 itinere
1228 2610 1414 2698 Romanis,
1436 2624 1499 2702 qui
1516 2624 1652 2686 Triario
1677 2628 1764 2688 duce

352 2735 515 2798 adversus
539 2731 777 2795 Mithridatem
799 2749 873 2792 rem
891 2729 981 2791 male
1002 2735 1191 2813 gesserant,
1213 2733 1247 2789 et
1269 2727 1373 2788 etiam
1394 2736 1468 2789 tum
1489 2728 1655 2813 insepulti
1670 2732 1767 2809 jacc-

353 2836 456 2922 bant,
484 2837 577 2915 justa
601 2837 789 2922 magnifice,
808 2835 921 2898 solvit.
952 2835 1019 2896 Sed
1046 2837 1130 2894 dum
1151 2833 1223 2909 ejus
1246 2833 1394 2914 legatus,
1421 2832 1603 2916 Afranius,
1634 2837 1770 2915 aliquot

356 2943 504 3027 populos
524 2942 585 3023 qui
601 2943 767 3004 Amanum
786 2941 1006 3016 accolebant,
1027 2938 1171 3001 ditionis
1188 2940 1352 3001 Romanae
1368 2936 1467 3011 iacit,
1488 2956 1617 2999 novum
1634 2940 1769 3002 bellum

355 3047 654 3120 inter,Phraatem
681 3057 715 3110 et
734 3047 920 3132 Tigranem
946 3053 1102 3109 exortum
1126 3054 1186 3108 est.
1220 3046 1286 3106 Ille
1305 3044 1399 3106 enim
1419 3047 1584 3106 Romanis
1605 3043 1768 3129 infestus,

356 3162 395 3216 ut
409 3152 613 3236 Pompejum
629 3153 724 3215 bello
745 3151 941 3234 lacesseret,
961 3172 1086 3233 magna
1106 3172 1212 3214 manu
1233 3171 1377 3234 regnum
1394 3150 1570 3233 Tigranis,
1590 3153 1768 3214 Romano·

358 3278 434 3320 rum
455 3257 557 3338 socii,
587 3257 756 3318 invaserat
776 3263 809 3317 et
832 3254 955 3337 proelio
973 3243 1099 3330 vietus,
1119 3273 1216 3344 novo,
1232 3257 1383 3318 exercitu
1403 3256 1566 3339 collecto,
1586 3256 1767 3321 Armenios

359 3360 541 3445 superavit.
563 3359 697 3444 Quibus
717 3361 919 3444 Pompejus,
940 3360 1095 3442 quamvis
1116 3361 1234 3423 multis
1253 3362 1536 3438 adhortantibus,
1559 3383 1673 3442 neque
1693 3363 1768 3443 ipse

359 3481 460 3551 opem
470 3467 559 3550 tulit,
577 3485 690 3546 neque
707 3474 841 3550 partem
857 3465 1023 3530 exercitus
1034 3465 1165 3528 auxilio
1181 3467 1296 3540 misit,
1317 3468 1497 3551 simulans,
1518 3470 1613 3547 quod
1627 3465 1768 3543 Mithri-

359 3574 453 3636 dates
473 3571 662 3635 etiamnum
682 3573 719 3633 in
737 3572 842 3634 armis
862 3580 962 3648 esset,
983 3593 1018 3635 se
1033 3572 1165 3650 injussu
1179 3573 1320 3658 populi,
1338 3574 1476 3636 Parthis
1489 3572 1622 3634 bellum
1639 3568 1768 3635 inferre
1836 3575 1847 3586 “

359 3693 431 3739 non
452 3681 588 3741 audere.
609 3677 670 3740 cfr.
691 3678 795 3740 Dion.
820 3681 907 3741 Cass.
929 3679 1091 3744 XXXVII.
1112 3683 1141 3740 6.
1163 3702 1192 3760 7.
1212 3679 1301 3741 Satis
1321 3680 1444 3740 habuit
1464 3677 1595 3760 legatos
1614 3674 1766 3759 mittere,
1845 3745 1850 3750 ,
1890 3753 1896 3763 Ι
1945 3672 1949 3678 ’

361 3783 423 3863 qui
453 3772 640 3845 discordias
667 3787 711 3847 de
737 3784 866 3846 finibus
895 3784 987 3847 inter
1011 3787 1192 3847 Phraatem
1222 3791 1256 3846 et
1287 3785 1474 3867 Tigranem
1499 3789 1604 3862 ortas,
1629 3781 1765 3856 judicio

362 3898 622 3971 componerent3
634 3910 782 3969 quorum
794 3890 939 3952 decretis
953 3910 1048 3975 reges
1060 3911 1131 3952 non
1142 3898 1235 3952 metu
1243 3893 1480 3954 Romanorum
1489 3895 1692 3971 paruerunt,
1706 3890 1768 3952 sed

362 3994 521 4078 consilio,
542 4014 585 4058 ne
599 3995 728 4058 mutuis
739 3995 894 4060 cladibus
907 3995 1016 4059 attriti
1026 3995 1183 4060 hostibus
1193 3999 1316 4081 praedae
1328 4002 1453 4060 essent,¹
1469 3991 1529 4056 cfr.
1542 3991 1646 4058 Dion.
1659 3992 1682 4055 1.
1696 3995 1719 4056 l.
1729 3991 1766 4076 ο)

443 4213 483 4298 ⁹)
504 4215 556 4280 De
575 4214 731 4298 Pompeji
749 4214 906 4277 hibernis
927 4213 1039 4277 idem:
1078 4182 1245 4296 110less
1272 4184 1308 4264 ii
1336 4191 1368 4264 ἐν
1395 4191 1433 4284 Τῇ
1460 4186 1582 4265 AWI'AI
1610 4192 1670 4263 ml
1696 4179 1768 4264 ‘titt

366 4316 538 4418 trapam·
563 4325 657 4390 unde
677 4319 805 4404 aliquis
824 4319 1005 4404 conjiciat,
1020 4320 1094 4399 jam
1114 4337 1206 4380 anno
1228 4322 1307 4380 ante
1331 4315 1454 4380 eodem
1474 4313 1553 4376 loco
1575 4313 1678 4379 illum
1696 4330 1767 4378 esse
