4334 5354
427 515 501 598 556

424 720 504 801 plius
516 717 546 774 b.
567 721 619 794 gra
632 730 658 769 e.
680 729 732 768 sua
752 709 880 768 utilitate
900 707 1031 767 retulisse
1051 707 1082 768 b.
1102 709 1221 790 copiam
1242 708 1312 792 Jug.
1333 709 1365 771 b.
1385 729 1435 773 rex
1455 727 1562 796 negare
1581 715 1613 780 b.
1633 732 1721 799 cogn.
1743 719 1838 784 adfin.

424 826 529 882 interr.
551 826 688 897 praeterea
711 813 807 873 foedns
826 817 858 874 b.
889 813 977 874 invisi
998 824 1093 873 essent
1113 814 1143 874 b.
1170 825 1260 874 erunt
1279 816 1365 878 invisi
1389 839 1415 879 o.
1444 821 1557 881 lenitur
1577 821 1608 882 b.
1636 826 1838 888 lentescas

424 925 528 986 omnia
547 956 589 972 -
608 921 747 1002 promisit
786 959 795 976 .
835 918 892 978 Sed
922 918 960 978 ad
979 921 1082 980 simul.
1104 918 1136 982 b.
1167 919 1292 982 defessus
1312 932 1374 982 erat
1399 922 1480 986 bello
1500 926 1531 990 b.
1571 949 1698 991 ·112.·
1724 931 1762 992 Et
1789 953 1839 995 rer

425 1053 451 1092 e.
473 1047 574 1110 aspare
594 1027 707 1088 nuncio
727 939 874 1108 jugrtbae
894 1024 925 1086 b.
955 1025 1133 1087 condicione
1153 1025 1185 1086 b.
1214 1028 1290 1106 poni
1312 1029 1371 1109 (rel
1392 1032 1531 1113 componi
1548 1055 1616 1116 sup.
1636 1037 1703 1116 lin.)
1724 1036 1756 1098 b.
1786 1043 1839 1100 ille

422 1138 456 1196 in
477 1145 569 1196 castra
590 1133 621 1192 b.
643 1130 755 1193 dehinc
774 1135 806 1200 h.
827 1133 948 1192 nuntiat
961 1151 988 1198 o.
1008 1153 1040 1194 se
1059 1134 1155 1193 facere
1169 1152 1194 1192 c.
1217 1155 1284 1215 pac.
1305 1137 1413 1196 frustra
1434 1148 1611 1200 conventam
1626 1140 1657 1202 b.
1678 1162 1753 1224 saepe
1774 1145 1839 1204 lm·-

422 1251 483 1303 stra
504 1263 530 1302 c.
564 1242 668 1322 syllam
689 1238 745 1299 sibi
766 1259 794 1300 c.
824 1243 859 1298 in
880 1247 1058 1319 potestatem
1081 1237 1161 1298 berz.
1193 1249 1246 1300 ant
1266 1243 1374 1322 populi
1396 1243 1490 1304 foedus
1511 1265 1568 1306 orn.
1625 1281 1642 1298 ·
1656 1247 1750 1308 ub·
1776 1248 1839 1308 Rex

424 1367 545 1408 maurus
564 1344 695 1421 -1Hec
714 1367 780 1426 sup.
801 1346 857 1404 lin.
879 1364 904 1403 z.
935 1345 981 1404 uti
1000 1341 1191 1407 vehementer
1212 1366 1227 1406 s
1246 1366 1313 1429 sup.
1334 1349 1390 1410 lin.
1410 1369 1435 1408 z.
1456 1351 1489 1409 in
1511 1355 1706 1432 conloquium
1728 1375 1752 1412 z.
1781 1354 1839 1414 ab·
1886 1351 1895 1365 “

423 1457 533 1533 pellere
552 1475 576 1512 z.
604 1453 689 1513 bonae
710 1454 773 1532 spei
792 1448 823 1510 b.
852 1453 895 1511 ita
916 1452 1026 1512 tacenti
1047 1453 1114 1531 ipso
1135 1455 1285 1514 occultare
1304 1465 1335 1515 et
1354 1456 1414 1516 orie
1435 1457 1646 1518 immutatione
1665 1462 1837 1540 patefecisse

423 1553 503 1621 seiz.
523 1559 575 1620 sed
595 1580 619 1618 z.
638 1555 1021 1639 patefecissent-sullam
1042 1557 1178 1618 accersiri
1197 1558 1263 1619 nb:
1283 1581 1324 1626 m.
1346 1582 1392 1644 pr.
1414 1563 1526 1623 accersi
1543 1584 1571 1625 x.
1592 1565 1784 1645 peremend.
1805 1565 1837 1623 b.

425 1687 467 1727 m.
487 1687 545 1726 sec.
565 1667 669 1725 arcessi
691 1687 717 1724 o.
745 1674 774 1723 et
795 1685 829 1722 ex
848 1663 931 1721 illius
950 1663 1098 1722 sententia
1118 1666 1167 1725 bc.
1188 1664 1315 1726 tetendit
1333 1667 1365 1729 b.
1394 1668 1518 1730 inermis
1539 1668 1601 1730 bcz.
1640 1671 1764 1742 ·114.·
1795 1670 1835 1742 Q.

429 1772 565 1850 scipione
586 1781 616 1828 et
635 1790 677 1827 m.
698 1769 814 1826 manlio
830 1787 873 1825 cr.
897 1785 976 1825 men.
998 1767 1122 1826 manlio.
1143 1787 1222 1828 nun.
1241 1773 1363 1850 punctis
1384 1782 1448 1833 not.
1468 1774 1540 1855 gaio
1559 1795 1627 1855 sup.
1637 1777 1691 1834 lin.
1712 1796 1738 1834 z.
1761 1795 1837 1834 oon-

426 1876 548 1934 tremuit
568 1893 625 1933 exn.
652 1892 718 1952 sup.
739 1874 796 1931 lin.
824 1905 866 1922 -
894 1890 1010 1930 romam
1039 1873 1174 1933 vinctum
1203 1872 1276 1938 add.
1297 1894 1340 1935 xz.
1365 1878 1457 1938 factus
1477 1889 1550 1940 esset
1569 1881 1598 1939 ei
1618 1899 1643 1938 z.
1665 1901 1706 1938 m.
1728 1900 1775 1960 pr.
1797 1889 1839 1939 est

425 2000 491 2060 sup.
512 1980 566 2042 lin.
587 1976 764 2038 4-Ga11ica
785 1996 868 2060 pror.
890 1976 1017 2038 decreta.
1037 1977 1105 2036 Kal.
1127 1977 1158 2038 b.
1177 1977 1266 2062 Isque
1286 1981 1319 2040 in
1340 2001 1365 2042 z.
1387 2001 1454 2064 sup.
1474 1985 1533 2044 lin.
1551 2015 1593 2032 ·-
1626 1985 1668 2043 Ex
1688 2007 1722 2045 ea
1743 1997 1837 2064 temp.

426 2107 470 2148 cx.
484 2117 526 2132 ·-·
546 2081 586 2142 Ea
608 2094 701 2163 temp.
730 2085 782 2156 (ea
802 2083 925 2159 omisso)
954 2082 1000 2142 br.
1027 2094 1098 2144 sunt
1119 2105 1144 2146 c.
1167 2096 1197 2146 et
1213 2100 1240 2145 a.
1259 2106 1383 2159 misso.
1402 2121 1444 2140 ·-
1463 2090 1497 2150 in
1517 2089 1578 2152 fine
1599 2087 1695 2150 codd.
1716 2109 1742 2149 z.
1773 2088 1837 2150 haeo

427 2193 550 2272 scripta:
570 2188 684 2249 Bellum
703 2185 924 2266 Jugnrtlsinurn
944 2185 1080 2269 explicit,
1101 2189 1163 2271 lege
1174 2189 1320 2268 feliciter.

431 2420 514 2500 Coe.
537 2435 627 2517 5752.
649 2457 684 2498 α.
706 2433 808 2518 apud
831 2429 1069 2519 Burnufium,
1092 2451 1196 2515 quem
1217 2434 1305 2500 See.
1322 2431 1371 2500 Χ.
1392 2431 1572 2519 scribtum
1592 2453 1666 2498 esse
1684 2431 1836 2516 statuit3

336 2537 340 2544 “
485 2539 552 2604 aad
568 2535 627 2606 viar
647 2547 735 2604 ante
754 2538 820 2606 XI
835 2532 996 2620 scriptus
1016 2543 1088 2613 θείς
1111 2532 1264 2602 incertus
1270 2537 1368 2624 fidei
1386 2535 1492 2624 liber,
1515 2536 1718 2608 Catilinam
1740 2547 1777 2604 et

910 2642 1144 2746 Jugurtliaqz
1165 2640 1342 2710 continet.
1751 2641 1754 2645 ”

451 2887 454 2891 ,
507 2833 575 2893 Cat.
599 2851 624 2890 1.
667 2829 724 2890 diis
750 2859 767 2877 ·
790 2828 886 2888 helius
906 2861 925 2876 -
950 2827 1045 2890 michi
1065 2861 1084 2876 -
1110 2847 1170 2888 esse
1190 2828 1309 2894 ridetur
1328 2861 1348 2876 -
1374 2833 1482 2911 opibus
1502 2830 1614 2892 virium
1633 2865 1653 2884 ι
1679 2837 1744 2914 ipsa
1764 2837 1837 2901 rita.

425 2959 501 3000 -2.·
531 2939 565 2996 in
585 2938 675 2996 initio
694 2968 714 2983 -
742 2935 814 3017 agit.
836 2935 900 2994 sine
921 2933 1085 3015 cupiditate
1105 2965 1124 2982 -
1150 2951 1268 2994 cansam
1288 2965 1308 2980 -
1335 2935 1403 2993 ferri
1423 2938 1483 2994 alio
1503 2967 1522 2986 ·
1549 2955 1585 2996 ac
1605 2937 1734 2997 imisceri
1754 2973 1770 2986 -
1801 2943 1838 3000 in

314 3051 320 3058 ’
425 3047 514 3105 initio
528 3078 544 3090 -
564 3042 603 3102 ad
623 3051 686 3120 opt.
707 3059 823 3119 semper
843 3059 994 3120 quemque
1006 3071 1025 3086 -
1044 3037 1149 3098 omnia
1167 3041 1277 3099 virtute
1294 3069 1310 3086 ·
1330 3041 1514 3122 transigere·
1533 3044 1629 3102 rivere
1650 3043 1737 3102 mihi.
1756 3046 1838 3107 -3.-

424 3148 601 3230 exaequanda
620 3158 692 3209 sunt
711 3181 727 3194 -
746 3167 764 3208 a
784 3145 885 3206 studio
906 3144 945 3204 ed
966 3144 1187 3224 rempublicam
1207 3141 1324 3206 delatus
1343 3164 1409 3206 sum
1432 3177 1448 3191 ·
1467 3146 1588 3228 reliquis
1608 3149 1741 3208 moribus
1758 3152 1838 3211 ·5..

424 3253 565 3315 credibile
584 3264 654 3314 est·
673 3254 844 3336 eloquentie
865 3253 892 3331 (e
912 3272 953 3309 m.
975 3270 1032 3309 sec.
1057 3248 1188 3324 delerit.)
1208 3249 1290 3314 -6.-
1310 3254 1498 3332 eborrigenes
1519 3250 1701 3313 -libertatis
1720 3275 1806 3316 eausa
1820 3291 1837 3303 -

424 3381 454 3420 se
475 3361 630 3424 convertit.
669 3382 749 3441 -7.-
778 3359 823 3418 illi
845 3358 1002 3418 incesserat
1021 3355 1177 3436 ··patiens
1198 3353 1271 3414 belli
1291 3375 1383 3437 -per
1402 3355 1554 3431 laborem,
1581 3377 1637 3420 usu
1658 3358 1694 3437 (is
1715 3381 1755 3418 m.
1776 3381 1834 3420 sec.

423 3488 489 3548 sup.
510 3465 579 3544 lin.)
600 3466 733 3526 munitus
755 3472 860 3527 nature
887 3497 904 3510 -
931 3462 1051 3544 longius
1072 3479 1139 3520 nos.
1172 3461 1256 3524 .8.-
1276 3462 1328 3542 qni
1349 3481 1382 3520 ea
1402 3460 1504 3520 fecere.
1539 3481 1622 3540 -9.·
1641 3465 1762 3524 avaritia
1781 3468 1835 3525 in-

424 3579 538 3633 tereos
559 3581 620 3632 erat
640 3604 658 3618 ·
685 3573 719 3629 in
740 3570 862 3630 amicos.
883 3567 920 3646 (is
939 3587 980 3629 m.
1001 3589 1058 3633 see.
1080 3588 1146 3647 sup.
1167 3566 1236 3645 lin.)
1265 3567 1299 3625 in
1321 3585 1482 3646 pacavero
1504 3569 1607 3650 magis.
1650 3589 1751 3631 ·ro.-
1770 3589 1835 3630 cre·

423 3687 504 3739 verat
523 3712 539 3724 -
559 3676 668 3736 domiti
688 3685 759 3735 sunt
779 3707 797 3722 -
816 3675 1011 3756 nationesque
1032 3709 1047 3721 -
1067 3673 1183 3736 subacti
1202 3674 1284 3733 fuere
1302 3702 1321 3719 -
1348 3688 1425 3733 rom.
1446 3671 1566 3754 imperii
1588 3677 1695 3736 amula
1714 3706 1734 3724 -
1758 3674 1834 3737 diri-

425 3785 530 3864 tiaeque
550 3815 569 3830 -
587 3781 681 3841 bones
701 3792 776 3840 artes
796 3812 813 3826 ·
833 3790 863 3840 et
883 3769 1006 3842 ambitio
1021 3815 1037 3827 -
1056 3792 1145 3842 mort.
1167 3781 1256 3840 falsos
1277 3779 1387 3844 mullos
1407 3811 1423 3825 ·
1451 3778 1613 3841 commodo
1634 3780 1800 3844 existimare
1814 3811 1834 3828 ·

423 3890 518 3970 magis
540 3890 729 3967 multumque
750 3919 765 3931 -
786 3886 887 3949 civitas
908 3890 1067 3947 immutata
1087 3897 1130 3947 est
1149 3915 1167 3935 ··
1187 3887 1299 3946 lactum
1321 3894 1373 3945 est.

487 3993 552 4052 Cat.
576 3995 624 4054 51.
647 4003 676 4050 et
696 3993 762 4051 usui
777 4023 795 4039 -
815 3992 934 4073 posidet
954 4027 969 4040 ·
990 3993 1125 4053 dmntr-
1145 3995 1239 4052 multa
1260 3989 1388 4050 nefanda
1403 4020 1424 4038 ·
1440 3987 1499 4050 hoc
1519 3983 1696 4054 item'vobis
1715 4025 1732 4040 -
1751 3991 1833 4074 apud

424 4117 474 4161 vos
494 4100 590 4160 valeat
610 4131 625 4143 -
645 4097 806 4179 reperietur
825 4129 844 4146 -
864 4097 1037 4180 approbabo
1056 4099 1230 4158 -omnium
1252 4096 1407 4178 ingenium
1429 4105 1547 4177 superat
1565 4127 1585 4143 -
1604 4095 1652 4157 bis
1672 4102 1830 4160 tormentis

422 4204 569 4268 utendum
591 4223 696 4266 censeo
711 4239 732 4292 ι-
752 4207 839 4268 avelli
860 4239 876 4252 ·
905 4204 1120 4266 conlibuissent
1137 4236 1157 4252 ·
1176 4203 1282 4264 domos
1301 4203 1425 4285 spoliari
1445 4233 1464 4251 ·
1485 4214 1515 4263 et
1535 4211 1596 4262 tam
1615 4211 1700 4264 atrox
1718 4235 1734 4250 -
1753 4223 1835 4285 pan-

422 4315 454 4373 lo
474 4313 569 4374 sevior
586 4322 603 4356 -’
623 4329 685 4369 non
707 4307 824 4372 ridetur
844 4311 971 4372 crudelis
984 4341 1004 4360 ·
1022 4311 1120 4372 aliena
1141 4329 1225 4390 rep.
1246 4327 1301 4371 nra
1321 4307 1439 4372 videtur
1459 4343 1475 4354 -
1502 4310 1608 4370 sillano
1627 4334 1646 4355 ⁶·
1665 4324 1735 4368 oum
1755 4325 1833 4390 prae-
1864 4293 1869 4300 ’

423 4419 524 4481 sertim
539 4416 711 4500 -equidem
732 4433 855 4498 possum
875 4447 894 4468 ·
913 4426 949 4476 ut
968 4417 1050 4496 prins
1070 4447 1089 4464 -
1108 4435 1171 4476 non
1191 4419 1285 4480 enim.
1307 4416 1382 4494 eripi
1404 4449 1420 4462 -
1438 4417 1554 4498 gravius
1575 4411 1720 4484 verberari
1741 4447 1760 4468 -
1785 4417 1830 4476 le·
