4282 5390
470 481 518 560 71

469 655 529 734 Or.
549 655 594 719 Π.
620 657 669 718 60.
686 659 722 720 et
741 673 799 735 7⁰3
820 672 866 722 ue
891 643 984 734 quia
1007 653 1051 718 de
1080 649 1149 714 hoc
1167 647 1319 714 formula
1335 645 1396 714 cir.
1418 647 1520 716 catil.
1543 671 1572 718 c.
1602 671 1651 734 ²9·
1676 657 1711 716 et
1736 651 1819 718 Cres.
1845 653 1881 716 B.

468 762 540 830 civ.
555 764 585 827 I.
603 777 641 841 43
671 769 705 824 et
724 761 873 842 interpp.
891 747 935 819 ad
953 759 1047 820 hunc
1070 757 1198 823 locum.
1417 779 1422 786 ·
1898 760 1905 768 '

548 886 648 928 -ao.-
665 863 733 930 Uti
744 861 902 945 Lepidus
911 869 973 926 etc.
983 865 1050 925 hoc
1061 870 1199 926 senatus
1211 861 1406 924 consultum
1419 858 1525 942 paulo
1533 861 1722 942 postSullae
1734 871 1881 928 mortem

464 970 595 1036 factum
608 989 680 1035 esse
693 969 832 1036 videtur
840 1013 850 1046 ,
859 985 943 1032 'cum
960 977 1098 1034 senatus
1111 969 1268 1051 consules
1285 968 1328 1030 ab
1338 965 1442 1030 armis
1452 964 1625 1030 abstinere
1634 987 1732 1050 posse
1748 965 1882 1034 diffide·

467 1083 603 1140 ret-21·
612 1073 893 1164 seguiormeque
904 1071 1025 1139 minus
1031 1074 1155 1164 gravis
1163 1113 1204 1128 --
1214 1096 1320 1150 curu3
1332 1069 1451 1162 segnis
1462 1093 1542 1135 cura
1550 1073 1760 1155 diciturquae
1767 1073 1893 1140 minus-

465 1183 689 1248 vehemenset
700 1183 786 1246 acris
798 1192 862 1262 est3
877 1182 1036 1266 opposita
1047 1191 1096 1247 est
1106 1204 1197 1246 curo
1208 1179 1632 1246 enstontiorTac.Ann.a.
1646 1179 1882 1245 56.-22.-ot-
1930 1182 1943 1205 “

466 1283 559 1354 viam
575 1288 629 1354 ire
642 1292 715 1356 haec
728 1291 934 1354 Debrossius
946 1293 990 1352 ad
1001 1291 1163 1353 ultimum
1176 1288 1404 1374 fugitivorum
1417 1287 1578 1372 proelium
1588 1285 1702 1350 refert.
1713 1319 1732 1335 -
1741 1281 1883 1362 aa.-Sic

467 1416 549 1464 vero
559 1433 601 1450 --
610 1407 822 1480 competere.
834 1396 858 1458 i.
874 1418 903 1459 e.
914 1395 1029 1459 Nonio
1043 1397 1240 1481 interprete,
1255 1395 1584 1482 constantervalere‚
1594 1401 1788 1477 compotem
1802 1407 1884 1471 esse3

464 1492 525 1568 cfr.
546 1503 620 1568 Liv.
639 1523 687 1564 22.
709 1506 738 1565 5.
759 1511 820 1575 «ut
839 1501 897 1564 rix
918 1503 963 1562 ad
986 1520 1080 1564 arma
1102 1504 1269 1584 capienda
1297 1509 1507 1583 competeret
1529 1500 1697 1562 animus.»
1725 1497 1785 1562 cfr.
1804 1501 1883 1562 Tac.
1912 1531 1916 1538 ·

462 1607 552 1674 Hist.
573 1625 602 1672 2.
623 1608 678 1684 503
700 1611 730 1669 3.
747 1611 786 1686 73
791 1631 806 1684 ,-
830 1610 859 1670 3.
880 1608 939 1685 463
975 1607 1036 1685 qui
1059 1616 1175 1690 aperte
1192 1607 1381 1668 Salustium
1404 1603 1557 1666 imitatus
1573 1612 1649 1682 'est3
1681 1603 1808 1668 similis
1834 1611 1885 1668 est

462 1713 552 1776 alius
565 1713 707 1774 Salustii
723 1714 820 1774 locus
833 1711 954 1796 fragm.
968 1712 1036 1773 inc.
1050 1715 1107 1790 593
1129 1707 1343 1792 Septimium
1359 1731 1474 1791 neque
1486 1704 1611 1773 animo
1623 1729 1738 1790 neque
1753 1706 1884 1796 lingua

461 1815 555 1881 satis
575 1825 790 1899 compotem.
819 1818 884 1910 ubi
906 1817 1011 1880 lectio
1034 1817 1155 1880 variat.
1178 1815 1239 1878 cfr.
1263 1817 1389 1878 Donat.
1408 1817 1452 1876 ad
1475 1817 1610 1876 Terent.
1633 1814 1780 1896 Adelph.
1799 1818 1830 1875 3.
1856 1838 1886 1877 a.

464 1937 520 2000 143
543 1925 668 2004 quodsi
689 1932 892 2006 competere
905 1931 993 1986 ‘vera
1011 1930 1060 1986 est
1078 1923 1183 1986 lectio
1198 1939 1270 1986 non
1290 1922 1439 1985 dubium
1459 1941 1530 1986 esse
1550 1921 1688 1984 videtur
1705 1917 1792 2000 quin
1809 1919 1884 1982 haee
1990 1952 1992 1956 ·

461 2029 529 2095 duo
546 2029 738 2113 fragmenta
754 2049 819 2112 pro
834 2051 905 2092 uno
926 2031 995 2092 sint
1014 2030 1185 2092 habenda.
1216 2034 1259 2093 de
1277 2049 1361 2092 voce
1378 2034 1580 2110 competere
1602 2027 1661 2089 cfr.
1688 2025 1882 2109 Schulting.

460 2134 506 2196 ad
526 2134 643 2194 Senec.
663 2136 690 2192 I.
712 2137 874 2194 controv.
891 2137 983 2196 VIII.
1000 2155 1034 2213 p.
1058 2152 1132 2208 ιω
1155 2143 1188 2196 et
1205 2134 1358 2196 Perizou.
1376 2137 1421 2194 ad
1436 2135 1548 2194 Sanet.
1562 2135 1620 2195 IV.
1643 2130 1792 2196 Minerv.
1810 2151 1839 2190 e.
1853 2144 1884 2204 4.

409 2307 411 2311 ,
460 2257 535 2304 roc.
556 2234 635 2298 iter.
658 2238 716 2300 sed
742 2238 888 2320 meliora
915 2235 1071 2304 Cortius2
1104 2243 1293 2318 «competo
1317 2242 1367 2296 est
1388 2253 1511 2298 acum
1534 2243 1567 2298 et
1581 2237 1669 2315 peto
1690 2237 1725 2304 h.
1745 2254 1775 2298 e.
1799 2254 1841 2298 eo
1864 2251 1884 2297 a

460 2345 549 2427 pede
570 2352 735 2424 notatque
761 2339 970 2424 convenire,
1000 2343 1115 2404 simul
1135 2337 1189 2402 ire
1216 2344 1311 2420 quod
1332 2349 1499 2406 nostrates
1529 2341 1667 2402 dicuntz
1692 2337 1882 2428 mitgclren·
1950 2391 1953 2396 .
2016 2397 2026 2410 .

459 2449 582 2530 Itaque
600 2461 690 2512 recte
712 2451 877 2512 dicimus:
912 2445 1065 2518 animus,
1089 2445 1200 2510 auris,
1221 2445 1344 2520 lingua
1365 2442 1548 2520 competit,
1572 2449 1714 2520 quando
1736 2449 1803 2509 ista
1821 2467 1884 2510 no·

422 2540 424 2544 ’
459 2555 515 2620 bis
543 2551 770 2632 respondent,
793 2555 872 2628 apta
900 2551 999 2624 sunt,
1031 2541 1262 2626 conveniunt,
1289 2549 1463 2616 constant,
1493 2552 1531 2604 ut
1556 2547 1684 2612 Seneca
1712 2551 1736 2612 l.
1755 2553 1780 2616 l.
1809 2573 1884 2618 non

460 2657 598 2720 animus
622 2673 694 2713 non
714 2653 837 2732 lingua
859 2657 1034 2724 constant3
1056 2647 1117 2709 Sil.
1139 2669 1166 2708 1.
1195 2663 1271 2726 1143
1292 2649 1382 2714 Suel.
1398 2650 1484 2734 Aug.
1501 2671 1529 2712 c.
1542 2655 1601 2712 31:
1623 2654 1793 2736 competit
1810 2665 1884 2723 ani-

462 2779 558 2833 mus3
594 2746 654 2820 sed
681 2754 784 2818 sicuti
800 2735 927 2814 ¹Livius
954 2760 1045 2812 recte
1068 2752 1169 2814 dicit:
1189 2755 1342 2818 Romani
1366 2775 1412 2819 ne
1433 2755 1571 2819 auribus
1602 2758 1745 2838 quidem
1775 2751 1884 2845 atque

462 2863 573 2928 oculis
599 2863 680 2924 satis
705 2868 861 2922 constare
886 2864 1065 2940 poterant:
1094 2855 1143 2919 sic
1172 2857 1340 2921 Salustius
1362 2859 1516 2922 auribus
1545 2872 1748 2943 competere
1771 2875 1883 2947 atquc

418 2993 421 2998 ·
461 2970 611 3056 lingua,
632 2969 728 3048 quod.
745 2975 882 3028 strenue
893 2965 1072 3026 aemulatus
1089 2972 1141 3026 est
1156 2963 1304 3024 Tacitus.
1327 2965 1379 3024 Ita
1400 2982 1524 3047 nempe
1537 2967 1690 3028 studium
1709 2972 1830 3058 flagrat
1848 2981 1882 3038 et

266 3107 268 3112 v
321 3078 325 3083 ’
357 3119 359 3123 ⁴
461 3074 577 3156 studio
601 3077 727 3156 flagr03
755 3082 834 3136 aetas
857 3078 1166 3164 provectapaetate
1193 3077 1391 3153 provectum
1421 3068 1510 3132 facta
1536 3070 1751 3158 claruerunt,
1782 3075 1881 3156 factis

463 3178 586 3243 claruit
606 3179 685 3240 vide
706 3180 750 3238 ad
781 3177 878 3238 Catil.
906 3197 933 3236 c.
957 3177 1088 3238 XLVII.
1111 3192 1144 3234 n.
1163 3182 1222 3250 ap>
1254 3177 1359 3236 -25.-
1379 3177 1549 3240 Prudens
1573 3175 1754 3257 omnium,
1775 3181 1880 3246 etiam

444 3287 529 3350 'hoc
550 3288 595 3347 ad
612 3284 782 3366 Lepidum
796 3290 950 3366 spectare
966 3278 1101 3358 judicat
1121 3278 1265 3340 Debros.
1287 3277 1351 3340 ubi
1371 3286 1525 3362 senatus,
1547 3286 1732 3366 compertis
1753 3288 1879 3372 Lepidi

463 3389 630 3466 consiliis,
639 3410 718 3452 eum
733 3410 774 3452 ex
785 3387 910 3450 itinere
921 3385 961 3446 in
977 3384 1127 3445 Galliam
1147 3394 1303 3467 suscepto
1318 3384 1357 3444 in
1377 3386 1498 3447 urbem
1511 3388 1555 3447 ad
1567 3390 1708 3452 comitia
1717 3393 1878 3456 habenda

461 3496 645 3560 revocavit.
665 3531 684 3544 ·
694 3499 742 3558 26.
751 3529 770 3544 ··
785 3484 1140 3577 operibusperfectis
1154 3524 1197 3538 -
1204 3482 1390 3575 profectis
1404 3493 1499 3570 quod
1513 3491 1617 3574 vulgo
1629 3493 1767 3578 legitur,
1776 3518 1878 3562 sensu

462 3609 563 3666 caret.
583 3597 794 3682 Serdicam,
815 3600 939 3662 urbem
957 3597 995 3659 in
1015 3594 1135 3660 Moesia
1156 3593 1255 3656 sitam
1280 3592 1338 3664 hic
1354 3581 1622 3680 intelligendum
1645 3619 1716 3664 esse
1733 3603 1877 3668 Debros.

460 3691 589 3774 statuit.
608 3741 627 3756 -
639 3728 687 3786 ²7·
697 3739 717 3754 -
735 3701 942 3769 Domitium
953 3689 1214 3786 proconsulem
1227 3705 1289 3761 etc.
1301 3699 1369 3761 hoc
1385 3701 1428 3762 ad
1442 3700 1573 3764 bellum
1585 3703 1822 3772 Sertorianum
1839 3717 1877 3773 el

460 3812 605 3894 quidem
624 3813 669 3874 ad
690 3810 869 3874 Metellum
886 3808 1054 3892 pertinet,
1081 3803 1146 3886 ¹qui
1165 3801 1311 3888 Sertorii
1333 3804 1466 3870 artibus
1483 3805 1659 3894 fatigatus,
1680 3810 1895 3896 Domitium·

463 3921 508 3979 ad
516 3913 684 3980 auxillum
697 3916 763 3980 sibi
777 3916 959 3978 ferendum
970 3905 1201 3989 'invitaveram
1215 3911 1295 3978 ride
1313 3931 1416 3996 supra
1428 3933 1506 3998 pag.
1527 3916 1555 3976 5.
1575 3936 1625 3998 sq.
1645 3919 1744 3980 .28,.
1762 3919 1875 3984 Sanc.

462 4027 523 4082 tue
543 4017 655 4084 aliter
669 4029 705 4081 et
729 4016 875 4108 ingenio
896 4014 1045 4098 validus.
1067 4019 1180 4081 Catuli
1201 4017 1383 4102 ingenium
1401 4019 1457 4082 his
1476 4022 1590 4085 verbis
1610 4024 1758 4088 describi
1774 4032 1874 4108 putat

462 4126 568 4194 Debr.
586 4127 653 4188 Sed
668 4122 761 4190 idem
775 4127 867 4190 hunc
885 4126 1002 4188 locum
1016 4122 1121 4189 etiam
1139 4123 1178 4186 in
1199 4122 1303 4188 Marii
1321 4130 1354 4186 et
1366 4124 1470 4189 Sullae
1484 4125 1679 4192 inimicitiis
1695 4129 1873 4195 illustrau-

388 4269 391 4275 ,
462 4231 518 4297 dis
538 4233 691 4300 adhibet.
711 4268 728 4282 -
738 4251 811 4310 rp-
829 4251 921 4318 gens
939 4251 1029 4298 roro
1053 4229 1298 4318 egressufinis
1316 4248 1421 4312 euos,
1441 4234 1536 4314 quod
1551 4231 1591 4296 in
1608 4234 1736 4302 multas
1752 4245 1872 4322 gentes

462 4339 625 4407 barbaras
637 4337 756 4434 eaditp
769 4337 874 4406 Debr.
894 4340 940 4402 ad
959 4336 1115 4406 Thraeiae
1126 4344 1247 4421 gentes
1260 4335 1501 4404 describendas
1509 4339 1683 4425 pertinere
1697 4341 1869 4428 opinatur,
