4334 5354
1611 523 1685 620 549

276 739 319 776 aas
331 721 397 782 sins
416 713 521 780 deeora
541 711 645 800 paridi
654 709 702 780 be.
721 713 833 778 famam
851 714 978 781 avaritie
997 714 1086 779 Rom.
1108 719 1211 778 falsam
1231 713 1263 780 Β.
1284 711 1324 778 ob
1345 714 1465 778 munifi.
1485 715 1582 780 sillam
1605 719 1683 784 inter

274 842 305 886 se
326 845 385 884 am.
406 824 463 884 rati
484 833 555 884 sunt
575 823 607 884 b.
637 842 695 906 qua
715 843 746 883 re
767 833 797 883 et
816 824 887 883 lam.
910 845 937 884 e.
965 843 1055 884 nemo
1076 826 1236 884 munificus
1256 823 1286 884 Β.
1319 825 1398 883 favor
1419 827 1630 906 consultorque
1651 829 1682 890 b.

274 927 367 992 simul
394 931 440 988 uti
467 931 565 989 fautor
585 950 612 990 e.
641 948 705 1010 qua
735 939 786 988 aut
814 929 886 992 vilia
914 928 942 991 b.
971 929 1179 992 benevolentia
1207 951 1234 990 c.
1267 927 1378 990 dehine
1408 932 1475 990 silla
1501 929 1531 992 b.
1560 933 1682 1012 opperi-

274 1043 369 1095 untur
389 1033 501 1094 ibidem
522 1033 554 1095 b.
594 1033 715 1105 -soln-
735 1035 870 1094 conlecto
889 1042 1069 1115 postquam,
1091 1055 1151 1116 quo
1172 1035 1359 1110 intenderat,
1386 1037 1507 1118 negotio
1529 1057 1561 1098 o..
1587 1038 1682 1104 laetus

273 1149 333 1215 est,
352 1143 401 1201 bo.
428 1160 535 1222 eosque
555 1151 586 1201 et
605 1141 652 1200 sil.
674 1139 704 1198 b.
731 1139 769 1200 ad
789 1159 818 1200 se
838 1141 950 1201 uticam
972 1140 1003 1200 Β.
1024 1140 1062 1200 ab
1082 1143 1162 1203 utica
1183 1162 1211 1204 e.
1229 1143 1413 1224 belleginnm
1434 1142 1465 1202 b.
1488 1153 1681 1224 tumpraets-

272 1263 322 1306 rea
341 1247 440 1308 omnis
454 1267 483 1312 o.
503 1267 573 1307 eum
594 1246 703 1328 quibus
725 1244 865 1305 mandata
879 1265 906 1305 c.
927 1247 1079 1327 cognorit.
1099 1247 1209 1328 quibus
1224 1247 1372 1311 mandatis
1392 1248 1496 1330 legatis
1517 1268 1600 1321 rom.
1614 1258 1679 1329 pot.

273 1350 365 1412 eundi
386 1361 416 1412 et
436 1372 453 1411 a
473 1355 596 1414 consule
615 1352 650 1418 b.
680 1351 716 1412 ln
738 1353 804 1434 quis
819 1361 888 1433 pot.
909 1355 965 1434 leg.
987 1372 1063 1412 rom.
1084 1355 1176 1414 eundi
1197 1357 1232 1415 fit
1252 1365 1281 1414 et
1301 1376 1318 1414 a
1338 1376 1366 1415 o.
1386 1357 1565 1436 placuerunt
1585 1375 1611 1420 e.
1633 1356 1681 1414 le·

272 1456 372 1518 roeins
393 1467 550 1519 secernunt
562 1461 595 1518 b.
617 1461 767 1539 impetrat.
789 1457 906 1518 omnib.
927 1457 1014 1518 rebus
1027 1479 1056 1520 e.
1079 1459 1204 1520 mobiles
1225 1462 1258 1521 iu
1280 1459 1395 1524 advers.
1418 1471 1492 1524 mut.
1516 1479 1631 1540 semper
1652 1481 1678 1520 e.

270 1563 377 1622 rulone
399 1583 424 1622 o.
446 1572 533 1627 otaro
553 1573 676 1624 rnstano
696 1564 726 1626 b.
756 1563 809 1645 qni
829 1572 955 1645 quaestor
974 1564 1022 1625 be.
1051 1567 1085 1625 in
1106 1565 1158 1626 all.
1179 1576 1347 1646 portaverat
1366 1566 1395 1625 b.
1417 1565 1496 1626 stud.
1518 1586 1553 1625 ao
1573 1565 1681 1647 benig-

270 1667 394 1727 nitatem
417 1669 493 1730 sillae
507 1671 623 1751 aceepit
642 1668 673 1730 b.
700 1689 798 1752 regem
820 1690 944 1730 cessasse
964 1669 995 1730 b.
1025 1670 1172 1750 deplorati
1193 1683 1263 1730 sunt
1281 1671 1312 1729 b.
1341 1674 1394 1750 qui
1414 1674 1529 1750 penitet
1548 1670 1580 1730 b.
1609 1691 1682 1752 pro-
1723 1667 1729 1672 ’

269 1772 410 1832 meruerit
429 1771 458 1833 b.
480 1775 602 1836 -105.-
622 1795 639 1834 a
658 1777 755 1836 mario
776 1779 919 1855 petiverat
940 1774 970 1833 b.
993 1775 1139 1834 arbitratu
1159 1773 1370 1834 communibus
1392 1774 1438 1838 bc.
1458 1777 1503 1834 nti
1524 1774 1562 1834 ad
1583 1795 1613 1836 se
1633 1778 1681 1836 sil.

267 1871 297 1933 Β.
319 1877 390 1958 item
413 1877 600 1940 funditorum
622 1878 806 1939 baleatorum
829 1875 858 1935 Β.
888 1886 968 1952 praet.
988 1893 1059 1934 vero
1079 1895 1139 1954 sag.
1161 1896 1190 1955 c.¹
1217 1895 1303 1934 cansa
1334 1877 1416 1954 qnod
1443 1900 1476 1936 ea
1497 1881 1572 1938 levia
1592 1889 1678 1954 sunt,
1774 1941 1776 1946 ,

268 1997 365 2058 neque
385 1978 432 2040 bis
453 2001 535 2040 secus
556 2001 584 2040 o.
611 1982 788 2059 ampliorem
809 1987 839 2036 et
860 1975 999 2036 hostilem
1024 1980 1055 2036 Β.
1083 1977 1214 2038 vicerant
1234 1980 1398 2059 pugnantis
1419 1984 1448 2038 b.
1482 1991 1532 2039 nte
1553 1990 1625 2040 erat.
1648 2003 1677 2060 q.

268 2101 294 2147 r.
316 2081 346 2142 b.
386 2084 510 2143 -roli-
529 2093 558 2143 et
578 2074 746 2161 presidium
769 2082 849 2144 miss.
870 2078 902 2142 b.
929 2099 982 2161 per
1003 2100 1071 2140 eum
1093 2078 1123 2138 Β.
1154 2083 1246 2140 currit
1266 2081 1297 2141 b.
1317 2081 1374 2142 sibl
1396 2105 1413 2142 a
1434 2104 1513 2164 spec.
1536 2084 1566 2143 b.
1588 2088 1676 2154 elam.

267 2197 355 2249 nocte
375 2185 404 2244 b.
427 2188 537 2247 tociens
559 2206 585 2247 o.
615 2188 722 2248 totiens
743 2184 871 2248 effusum
893 2184 923 2246 b.
945 2185 1071 2247 ducebat
1090 2189 1209 2258 insertae
1229 2186 1260 2249 b.
1281 2199 1349 2268 post
1368 2193 1526 2269 paululum
1550 2211 1583 2256 e.
1603 2211 1678 2271 pro-

265 2297 447 2354 ficisceretur
460 2315 487 2352 e.
509 2312 591 2354 cons.
611 2291 719 2373 probat
733 2291 762 2349 b.
783 2293 923 2372 ignesque
944 2290 992 2361 bc,
1012 2289 1122 2350 dehinc
1142 2293 1240 2371 prima
1255 2292 1286 2352 b.
1308 2294 1449 2352 omnibus
1466 2297 1546 2354 fessis
1559 2295 1592 2353 be
1612 2316 1678 2355 me·
1716 2339 1720 2346 -

267 2404 385 2460 tebatur
406 2419 431 2458 c.
459 2398 616 2464 intervalla
635 2401 666 2458 b.
707 2416 829 2478 -107.-
848 2399 914 2456 silla
935 2399 1096 2458 extimebat
1115 2396 1218 2456 eadem
1239 2401 1271 2456 b.
1299 2416 1349 2458 an.
1377 2399 1445 2458 fort.
1473 2411 1607 2480 gererent
1628 2400 1677 2474 be.

266 2505 368 2585 paueis
389 2513 475 2563 antea
494 2503 620 2564 strenuis
641 2523 668 2570 e.
696 2481 809 2586 quanto
830 2504 864 2562 iu
884 2503 991 2584 proelio
1011 2501 1046 2564 b.
1069 2503 1196 2564 tuciores
1217 2523 1278 2564 esse
1300 2525 1326 2564 e.
1348 2501 1458 2565 dehine
1479 2505 1623 2565 Voluoem
1644 2511 1676 2565 b.

265 2608 350 2686 lubet
369 2611 450 2669 abire
460 2609 488 2670 Β.
509 2629 548 2669 ne
568 2607 744 2669 eaerederet
763 2629 847 2670 orare
861 2629 887 2670 e.
909 2609 1052 2691 quoniam
1066 2609 1182 2691 ingent.
1204 2629 1267 2669 non
1289 2609 1516 2670 multitudinem
1529 2615 1561 2675 b.
1582 2631 1675 2691 quon.

238 2697 243 2700 ⁸
265 2717 329 2794 ing.
351 2717 436 2772 mult.
458 2734 531 2774 non.
551 2712 622 2779 hab.
645 2735 671 2778 e.
701 2733 831 2796 opesque
852 2733 885 2774 ex
905 2725 990 2794 patre
1010 2733 1064 2773 suo
1085 2715 1214 2789 pendere
1235 2713 1266 2770 b.
1294 2716 1381 2772 illum
1403 2733 1488 2793 posse
1508 2716 1555 2773 nil
1576 2719 1676 2794 palam

264 2821 296 2878 b.
317 2818 447 2879 erederet
467 2839 494 2879 c.
527 2819 629 2895 (quum
647 2851 690 2865 -
709 2821 820 2876 adesset
840 2836 865 2874 o.
887 2814 1009 2890 omisit.)
1038 2815 1210 2893 permedia
1231 2815 1376 2874 eastrab.
1411 2820 1512 2892 palam
1534 2824 1675 2880 transiere

263 2921 294 2982 b.
315 2943 383 2984 oum
404 2924 470 2982 silla
490 2923 588 2982 solum
609 2923 645 2980 it.
664 2924 696 2984 Β.
717 2922 845 3004 profesti
864 2929 950 2986 sunt,
981 2919 1034 2994 qui
1060 2919 1205 2994 quoniam
1233 2925 1389 2976 accersunt
1410 2915 1440 2974 b.
1480 2919 1627 2980 accideret
1647 2945 1675 2985 e.

264 3026 375 3088 dehinc
401 3029 504 3103 pausis
525 3025 555 3080 b.
597 3022 724 3078 -108.-
749 3022 846 3080 sillam
868 3021 995 3078 accitum
1018 3018 1048 3082 b.
1077 3051 1119 3068 -
1147 3019 1354 3080 corasilia‘erat
1374 3019 1405 3078 b.
1437 3023 1621 3104 massigradse
1640 3032 1673 3087 b.

264 3148 370 3210 genere
391 3129 504 3203 impare
524 3143 551 3182 e.
579 3125 700 3202 ingenia
722 3141 827 3180 mauro
847 3121 876 3180 b.
907 3130 1017 3200 expert.
1037 3132 1097 3182 erat
1117 3122 1148 3182 Β.
1171 3122 1316 3204 delegerat
1336 3145 1363 3184 o.
1383 3126 1498 3209 integre
1518 3126 1626 3190 babere
1642 3131 1672 3190 b.

264 3235 402 3295 consulto
422 3262 464 3278 -
484 3227 587 3287 omnia
607 3223 716 3285 habere
742 3226 859 3307 integra
880 3247 906 3290 e.
937 3226 980 3284 rei
1000 3223 1153 3307 Jugurthae
1173 3226 1205 3287 Β.
1235 3250 1295 3309 quo
1316 3233 1485 3294 eommunis
1505 3254 1551 3295 res
1573 3235 1603 3295 Β.
1634 3258 1673 3298 ne

264 3337 335 3420 Jug.
356 3359 382 3397 o.
403 3333 498 3396 caveri
511 3353 537 3394 e.
558 3333 649 3392 etiam
673 3330 711 3390 ab
731 3330 847 3391 insidiis
860 3329 890 3390 b.
910 3334 1067 3392 attenuisse
1075 3331 1106 3392 Β.
1127 3335 1257 3393 multum
1279 3356 1348 3396 eum
1361 3335 1391 3396 b.
1412 3338 1624 3420 jugurthamne
1640 3343 1671 3405 b.

264 3444 324 3504 illis
343 3443 456 3502 Sullam
477 3444 508 3500 b.
550 3457 670 3519 -109.·
690 3437 719 3496 S.
742 3435 899 3517 respondit
918 3457 948 3497 se
962 3458 1044 3496 -c.
1066 3447 1161 3498 cetera
1182 3442 1275 3502 nullis
1295 3453 1348 3500 aut
1369 3463 1459 3522 quam
1481 3464 1507 3502 c.
1528 3465 1593 3524 quae
1613 3445 1674 3508 sibi

265 3547 514 3632 responderentur
535 3567 562 3610 s.
582 3546 626 3606 sio
647 3543 782 3610 voluerat
803 3563 831 3613 c.
851 3540 927 3602 dicit
947 3563 977 3603 se
996 3545 1064 3603 silla
1084 3545 1205 3620 missum
1228 3543 1258 3602 b.
1280 3546 1433 3626 quaesitum
1454 3552 1493 3606 ab
1514 3567 1550 3607 eo
1569 3549 1672 3613 reub-

264 3673 295 3716 se
316 3675 341 3714 o.
362 3673 380 3712 a
401 3650 531 3714 Consule
552 3655 706 3733 quesitum
729 3649 840 3712 venisse
861 3647 891 3708 b.
912 3648 997 3728 jubet
1017 3649 1113 3712 redire
1133 3649 1164 3710 Β.
1186 3649 1238 3712 sed
1258 3653 1312 3710 illa
1333 3651 1381 3710 die
1402 3650 1432 3711 b.
1454 3654 1487 3712 in
1506 3674 1558 3713 sua
1579 3666 1672 3716 eastra

264 3763 355 3818 ambo
374 3757 496 3838 digressi
517 3777 543 3816 e.
564 3756 639 3837 digr.
660 3764 730 3816 sunt
749 3758 781 3815 b.
807 3754 910 3814 sillae
932 3752 1030 3814 boabo
1051 3755 1209 3820 accersitur
1229 3765 1259 3816 et
1279 3755 1308 3816 b.
1329 3768 1446 3845 sanetus
1466 3765 1550 3838 juvat
1568 3765 1600 3820 b.
1621 3781 1672 3822 rex
1761 3817 1764 3820 .

263 3864 307 3924 sio
326 3883 350 3922 c.
390 3880 513 3920 -110.-
532 3871 611 3921 ratus
632 3861 694 3921 fore
713 3859 744 3920 Β.
774 3863 888 3920 nullius
908 3859 1027 3942 indigui
1047 3858 1078 3920 b.
1110 3881 1142 3920 n.
1162 3857 1284 3944 indigus
1304 3883 1349 3924 cx.
1371 3863 1403 3923 id
1423 3867 1617 3925 immutatum
1639 3865 1671 3930 b.

264 3969 451 4030 inminutum
472 3987 500 4027 x.
526 3966 615 4027 luerit
635 3963 712 4025 mibi
733 3970 845 4048 eguisse
865 3963 1028 4045 aliqnando
1050 3966 1179 4046 pretium
1201 3987 1245 4026 ox.
1266 3969 1362 4028 fuerat
1383 3991 1421 4029 m.
1442 3970 1571 4050 pretium
1594 3973 1666 4053 aliq.
1727 4019 1732 4030 .

265 4095 309 4158 eg.
331 4073 360 4139 b.
383 4077 528 4155 quoniam
548 4072 629 4152 apud
649 4073 785 4131 animum
806 4072 837 4148 b.
860 4071 956 4132 carius
977 4081 1020 4131 est
1040 4092 1067 4130 e.
1087 4091 1243 4155 nunquam
1264 4073 1411 4136 redditam
1433 4079 1556 4158 gratiam
1579 4065 1670 4156 puta-
1779 4094 1781 4102 ¹

265 4184 304 4239 ris
325 4201 352 4240 x.
371 4182 405 4240 in
425 4179 527 4238 animo
547 4177 632 4238 lubet
645 4177 678 4237 Β.
700 4175 881 4257 flagitiosum
905 4176 1053 4256 (estem.)
1074 4176 1105 4236 Β.
1127 4185 1212 4258 cujus
1232 4191 1350 4239 curator
1371 4201 1409 4240 es.
1423 4181 1453 4246 b.
1475 4182 1588 4242 bellurn
1611 4201 1670 4270 nef

267 4302 324 4362 que
344 4284 443 4362 paravi
463 4304 559 4365 neque
580 4285 690 4345 sactum
711 4283 794 4348 soleii
814 4281 845 4344 b.
883 4280 920 4343 dt
941 4283 1015 4344 lines
1036 4303 1062 4343 e.
1082 4284 1128 4345 uti
1146 4286 1236 4374 vultis
1258 4282 1287 4346 b.
1310 4286 1392 4366 quod
1411 4289 1498 4350 vultis
1516 4308 1545 4352 x.
1568 4289 1669 4346 malu-

266 4405 331 4447 eam
351 4387 382 4448 Β.
411 4375 602 4450 muluecbam
624 4411 650 4450 c.
677 4387 708 4450 id
729 4390 839 4449 intrare
858 4394 921 4472 jug.
943 4409 968 4452 ο.
1009 4408 1127 4452 -111.·
1158 4410 1222 4472 quae
1243 4392 1420 4472 polliceatur
1440 4391 1470 4450 b.
1491 4395 1580 4454 armis
1600 4411 1668 4450 am·

1706 619 1719 654 t
