4230 5348
347 464 419 560 154

338 663 515 725 Romanoa
535 649 635 739 regni
652 647 796 712 heredes
817 639 970 706 instituit
991 639 1034 704 ΙΙ.
1058 641 1120 720 18.-
1138 638 1359 706 Mithridates
1380 643 1516 724 bellum
1543 651 1671 712 contra,
1690 650 1763 714 Ro.

340 784 461 834 manos
480 769 578 848 parat
598 757 640 819 II.
663 758 716 833 37.
740 767 789 830 29.
804 747 844 831 ⁰)

929 930 1171 948 Μ’

939 1096 1055 1203 Ι1414.
1089 1097 1153 1170 Ill.

355 1239 361 1251 Ι
467 1319 470 1336 .
551 1268 626 1342 Res
651 1263 1077 1386 anni5680et6ti1p.
1110 1261 1155 1338 U.
1184 1262 1560 1364 agennensium

426 1445 635 1513 Tribuniciae
655 1444 816 1529 procellae
837 1463 858 1506 a
878 1441 1022 1526 Quintio
1044 1441 1112 1505 inc.
1135 1443 1203 1518 Ι143.
1227 1443 1295 1521 184.
1317 1449 1350 1505 et
1370 1443 1508 1508 Licinio
1530 1443 1691 1508 excitatae.
1703 1444 1764 1507 111.

348 1579 397 1620 aa.
418 1573 446 1632 4.
471 1573 518 1617 12.
540 1557 589 1628 34.
619 1550 763 1613 Sertorii
793 1569 846 1614 res
866 1549 1040 1613 inclinatae
1062 1549 1121 1610 III.
1152 1567 1182 1610 2.
1213 1552 1240 1613 5.
1272 1553 1322 1610 31.
1351 1550 1518 1612 Dianium
1548 1557 1650 1634 caput
1678 1548 1796 1612 belli·

173 1639 176 1647 ¹
244 1747 247 1751 .
317 1659 523 1725 'maritimi
550 1659 611 1719 Ill.
640 1679 688 1718 21.
720 1655 878 1738 Pompeji
914 1655 1081 1738 exercitus
1126 1654 1217 1719 fame
1260 1656 1405 1719 laborat.
1441 1658 1501 1717 Ill.
1538 1678 1585 1719 ιι.
1616 1657 1683 1719 inc.
1713 1658 1763 1732 46.
1836 1683 1838 1690 ·

344 1764 488 1832 Sertorii
507 1762 641 1824 invidia
662 1770 696 1825 et
716 1781 808 1850 mors
835 1762 878 1828 Il.
909 1779 959 1836 4ο.
992 1765 1042 1836 43.
1065 1761 1115 1837 45.
1145 1759 1211 1822 inc.
1234 1761 1285 1826 81.
1319 1763 1349 1824 A
1373 1760 1523 1828 Curione
1538 1763 1583 1862 'in
1603 1763 1766 1825 Macedo·
1827 1781 1829 1784 ·

346 1870 407 1936 nia
426 1887 481 1932 res
500 1885 663 1950 prospere
683 1873 785 1949 gestae
807 1867 867 1927 III.
889 1869 938 1927 36.
958 1867 1017 1931 lv.
1044 1869 1090 1927 13.
1116 1864 1233 1948 14:⁶⁶)
1269 1866 1337 1930 ino.
1361 1889 1410 1948 91.
1435 1885 1504 1951 172.
1521 1885 1590 1931 ποι.
1621 1865 1763 1929 Mithri·

348 1974 435 2036 datis
455 1972 554 2056 origo
581 1971 648 2032 inc.
671 1972 740 2046 245.
762 1972 823 2032 III.
846 1992 873 2051 9.
893 1969 970 2053 aaa)
993 1971 1163 2038 exereitus
1184 1990 1345 2057 opesque.
1365 1972 1434 2036 inc.
1459 1975 1579 2036 mss.
1603 1992 1672 2035 101.
1696 1971 1767 2053 187.

448 2257 487 2340 a)
509 2260 545 2323 Α.
567 2259 609 2319 U.
630 2259 689 2340 679
710 2256 934 2321 Nicomedem
955 2278 1074 2344 regem
1095 2277 1167 2325 esse
1189 2266 1364 2323 mortuum
1386 2258 1469 2323 satis
1490 2264 1639 2334 constat,
1661 2276 1767 2338 quare
1820 2249 1824 2264 “

344 2364 417 2444 jam
435 2365 503 2426 hoo
523 2361 616 2438 libro
640 2365 683 2424 de
703 2368 907 2424 testamento
929 2361 972 2422 ab
1001 2383 1043 2426 eo
1067 2362 1159 2425 facto
1182 2364 1375 2447 expositum
1397 2362 1519 2425 fuerat.
1543 2361 1581 2424 id
1602 2364 1697 2442 quod
1718 2363 1768 2424 lo·

350 2490 426 2547 cus,
447 2489 551 2556 quem
570 2486 674 2551 supra
687 2465 920 2550 laudavimus,
942 2465 1147 2530 confirmare
1168 2467 1315 2532 videtur.
1335 2468 1463 2528 Eadem
1485 2469 1529 2529 de
1550 2486 1650 2528 causa
1664 2456 1779 2530 Mith?

349 2575 497 2640 r'idatem
517 2581 590 2638 tum
611 2574 763 2658 primum
785 2573 828 2634 de
849 2561 943 2634 bell‘o
966 2571 1134 2635 Romanis
1155 2569 1338 2634 inferendo
1360 2569 1526 2656 cogitasse
1546 2580 1642 2654 puto.
1665 2571 1768 2649 Cujus

350 2680 404 2744 rei
423 2686 578 2742 auctores
606 2679 639 2741 ei
669 2677 809 2740 fuerunt
830 2678 867 2737 L.
889 2667 1024 2759 Magius
1055 2686 1089 2739 et
1115 2679 1153 2738 L.
1171 2676 1316 2760 iunius,
1345 2676 1406 2758 qni
1427 2685 1487 2739 aut
1507 2697 1549 2740 ex
1569 2663 1769 2754 Fimbriana

351 2783 522 2852 seditione
542 2784 581 2845 in
599 2783 681 2844 ‘Asia
708 2780 922 2852 restiterant,
944 2790 1003 2841 aut
1022 2780 1182 2864 Appiano
1203 2790 1342 2845 auctore
1363 2781 1482 2844 Mithr.
1503 2783 1552 2843 88.
1574 2800 1594 2842 a
1613 2781 1767 2866 Sertorio

263 2957 269 2970 ‚
351 2890 391 2954 in
410 2888 526 2952 Asiam
556 2885 691 2950 dimissi
725 2893 841 2963 erant,
873 2892 913 2946 ut
933 2886 1171 2956 Mithridatem
1193 2888 1237 2946 ad
1258 2887 1390 2948 bellum
1419 2886 1586 2948 Romanis
1617 2885 1771 2948 inferen-
1845 2895 1848 2900 ’

355 2997 439 3061 dum
460 3012 665 3078 magnorum
687 2991 911 3074 praemiorum
931 3010 990 3074 spe
1011 2987 1242 3074 impellerent.
1277 2987 1427 3051 Societas
1456 2989 1563 3074 igitur
1584 2990 1675 3052 inter
1694 2989 1762 3054 Mi-

335 3098 541 3166 ¹tlsridatem
562 3105 596 3159 et
615 3097 806 3159 Sertorium
822 3096 877 3159 vel
899 3095 1002 3174 hujus
1025 3095 1109 3158 anni
1130 3095 1245 3178 exitu,
1264 3093 1320 3156 vel
1341 3093 1515 3176 sequentis
1529 3093 1632 3157 initio
1648 3095 1769 3175 juncta

287 3187 290 3197 ¹
354 3223 427 3270 esse
446 3202 598 3286 videtur,
627 3201 687 3265 sed
711 3201 845 3263 bellum
872 3201 1017 3264 nonnisi
1043 3201 1146 3265 tertio
1174 3221 1266 3265 anno
1295 3210 1373 3285 post
1398 3200 1594 3285 inceptum3
1623 3211 1769 3282 sequeris
1846 3179 1855 3198 ⁹

327 3295 330 3301 ’
355 3307 450 3376 enim
469 3327 580 3370 annus
603 3313 693 3369 totus
713 3305 753 3367 in
774 3307 871 3368 hello
890 3311 1047 3390 parando
1069 3316 1291 3392 consumptus
1312 3326 1385 3371 esse
1405 3307 1552 3370 videtur.

433 3410 491 3496 ω)
511 3414 593 3478 Haec
612 3409 804 3497 fragmenta
823 3413 918 3474 hunc
937 3416 981 3474 ad
1002 3412 1120 3474 locum
1140 3413 1353 3495 rettulimus,
1374 3414 1469 3492 quod
1488 3411 1551 3473 lib.
1570 3413 1627 3476 IV.
1649 3411 1771 3480 Curio-

357 3518 413 3582 nis
433 3517 566 3581 mentio
588 3515 665 3580 lieri
694 3503 753 3579 rix
771 3516 904 3600 potuit,
930 3517 1060 3599 quippe
1081 3516 1143 3578 ubi
1165 3519 1208 3578 de
1228 3515 1359 3578 Luculli
1382 3514 1576 3598 triumpho,
1612 3515 1674 3602 qui
1692 3525 1771 3600 post

251 3619 254 3622 ’
357 3620 543 3688 Curionem
564 3621 804 3687 Macedoniam
826 3631 1020 3705 curaverat,
1041 3620 1232 3705 expositum
1254 3628 1335 3683 erat.

308 3789 310 3792 .
397 3729 475 3813 m)
490 3732 572 3793 Haec
592 3729 785 3814 fragmenta
804 3727 994 3821 certissimo
1015 3735 1095 3791 sunt
1115 3734 1329 3810 argumento,
1352 3726 1396 3789 de
1411 3722 1624 3788 Mithridatis
1644 3743 1773 3810 genere

359 3833 393 3901 et
413 3833 603 3913 majoribus
624 3837 691 3897 hoc
712 3837 851 3897 demum
871 3833 965 3897 libro
985 3828 1296 3896 accuratius-fuisse
1317 3830 1519 3914 expositum.
1533 3830 1655 3918 fragm.
1677 3830 1771 3895 enim
1881 3838 1885 3844 “

360 3941 421 4002 111.
434 3963 463 4020 9.
484 3943 528 4001 ad
550 3938 623 4020 ejus
635 3959 801 4021 proavum
818 3939 1006 4022 pertinere,
1027 3927 1230 4004 heneDehr.
1245 3936 1500 4000 animadvertit.
1521 3937 1582 4003 cir.
1598 3937 1770 4000 Plutarch.
1888 3955 1890 3962 ’

258 4085 259 4088 =
359 4042 546 4108 Demetrio.
568 4060 598 4119 4.
620 4047 786 4107 Caeterum
807 4065 912 4109 nemo
933 4044 1001 4106 sihi
1023 4045 1061 4128 in
1081 4045 1236 4106 animum
1256 4042 1408 4126 inducat,
1430 4049 1598 4126 utputet,
1617 4042 1771 4125 primum

328 4195 334 4200 ,
360 4157 394 4213 et
413 4143 604 4212 secundum
619 4149 751 4211 bellum
774 4150 1050 4213 Mithridaticum
1073 4147 1253 4211 aSalustio
1274 4148 1314 4210 in
1333 4150 1397 4210 hac
1419 4146 1632 4232 digressione
1664 4144 1769 4210 fuisse

360 4247 566 4319 enarratum.
587 4254 654 4316 Sed
675 4253 802 4350 paucis
829 4254 885 4316 his
913 4258 957 4319 de
982 4255 1085 4322 rebus
1114 4273 1215 4342 agere
1236 4273 1373 4328 necesse
1402 4251 1487 4336 fuit,
1507 4259 1546 4318 ut
1564 4249 1665 4352 tertii
1684 4249 1772 4318 belli

363 4377 464 4428 cama
483 4366 517 4431 et
536 4357 626 4426 ratio
647 4365 733 4430 esset
754 4358 948 4428 manifesta.
