4282 5390
1718 447 1763 544 37

355 651 454 702 ranes
477 635 524 698 in·
537 631 738 698 Armeniam
757 628 886 714 irrupit
908 633 942 696 et
963 629 1102 695 Luculli
1120 630 1273 718 legatum
1302 634 1349 698 M.
1377 633 1549 699 Fannium
1575 635 1761 706 obsidione

354 739 494 818 clausit,
513 747 547 805 et
564 737 783 802 Mithridates
796 757 876 800 cum
897 737 1055 821 expedita
1068 757 1174 800 manu
1196 719 1399 825 in’patrium
1419 761 1566 826 regnum
1582 762 1766 830 regressus,

352 847 482 910 multos
513 849 752 907 Romanorum
782 842 1002 926 inopinantes
1037 851 1080 934 et
1108 844 1279 928 dispersos
1311 847 1493 929 oppressit,
1528 850 1767 932 Marciumque

352 949 503 1014 Fabium
518 949 640 1034 proelio
663 948 763 1033 vicit,
792 947 855 1028 qui
874 947 913 1010 in
929 948 1047 1033 fugam
1073 949 1261 1034 conjectus,
1286 950 1418 1014 Cabirae
1440 972 1461 1012 a
1480 953 1682 1018 Mithridate
1703 955 1768 1018 ob·

353 1073 482 1134 sessus,
517 1063 551 1119 et
569 1061 689 1140 postea
713 1075 733 1116 a
750 1053 886 1117 Triario
905 1055 1092 1144 obsidione
1109 1065 1285 1140 exemptus
1304 1063 1363 1120 est
1395 1055 1426 1116 A
1454 1077 1523 1138 quo
1549 1057 1769 1125 Mithridates

353 1149 463 1226 victus
485 1161 524 1223 in
548 1163 803 1245 Commagenen
826 1159 962 1245 refugit.
985 1160 1044 1248 cfr.
1062 1159 1167 1250 Dion.
1186 1163 1274 1224 Cass.
1290 1165 1329 1226 L.
1344 1163 1473 1224 XXXV.
1494 1165 1604 1224 8-10.

426 1268 468 1351 Q.
485 1267 646 1330 Metellus
658 1267 845 1351 proconsul
867 1275 985 1329 contra
1005 1268 1201 1349 Cretenses,
1218 1268 1353 1330 bellum
1365 1275 1521 1350 parantes
1531 1311 1541 1343 ,
1562 1269 1667 1330 classe
1686 1285 1768 1350 pro-

352 1370 478 1456 fectus,
499 1394 576 1436 cum
596 1373 634 1434 in
655 1381 781 1436 terram
798 1374 1020 1457 escendisset,
1040 1373 1248 1434 Lasthenem
1270 1393 1349 1434 cum
1368 1373 1519 1435 exercitu
1537 1372 1605 1434 sihi
1627 1371 1767 1435 obviam

352 1476 515 1560 mireum,
534 1477 637 1561 vicit,
657 1486 691 1540 et
707 1478 903 1559 Cydoniam
915 1479 1056 1558 urbem,
1076 1485 1241 1557 praeterea
1262 1476 1436 1558 Gnosson,
1456 1481 1604 1558 Lyctum
1623 1475 1763 1539 et'alias
1810 1489 1815 1498 ·
1866 1463 1871 1476 ¹

351 1581 518 1665 plurimas
545 1584 647 1646 urbes
670 1581 896 1667 expugnavit,
916 1582 1152 1661 diuturnoque
1174 1580 1265 1643 bello
1285 1581 1452 1666 domitam
1474 1580 1626 1664 insulam
1648 1579 1686 1643 in
1703 1598 1767 1662 po-

351 1694 508 1752 testatem
530 1688 681 1773 redegit,
700 1691 864 1774 legesque
880 1688 1010 1751 Minois
1030 1686 1198 1751 Romanis
1217 1686 1354 1772 legibus
1375 1683 1644 1769 permutavitt)

351 1891 794 1972 Aminearum.
819 1898 865 1970 r.
899 1897 946 2000 rr
972 1897 1009 1970 c.
1038 1863 1215 2000 cassatas
1242 1898 1280 1971 o.
1307 1897 1529 1996 calpurnia
1553 1897 1668 1978 ruo,
1701 1889 1767 1966 rr.

876 2019 1024 2095 Acilius
1052 2021 1223 2094 Glabrio.

446 2156 566 2240 Multa
589 2183 762 2260 legerant
788 2202 809 2241 a
841 2181 1006 2256 tribunis,
1044 2187 1103 2238 aut
1119 2181 1176 2256 ‚ab
1207 2178 1286 2234 aliis
1324 2184 1475 2256 rogatae,
1503 2175 1713 2258 impugnatae
1734 2186 1769 2242 et
1829 2253 1834 2266 .

352 2299 480 2366 magno
499 2281 652 2362 partium
675 2278 790 2340 studio
813 2279 953 2358 perlatae
977 2285 1066 2340 sunt.
1096 2279 1182 2339 Inde
1201 2297 1265 2358 per
1286 2284 1397 2341 totum
1417 2277 1489 2342 fere
1512 2286 1642 2340 annum
1661 2282 1768 2346 rehe-

430 2597 467 2678 i³)
489 2597 558 2658 Cir.
570 2597 668 2658 Oros
686 2597 743 2660 VI.
764 2610 793 2671 4.
814 2594 887 2656 Liv.
902 2589 990 2675 Epit.
1001 2590 1140 2658 XCVIII
1153 2589 1310 2655 etXCIX.
1330 2591 1474 2657 Diodor.
1487 2594 1552 2657 Sic.
1569 2593 1691 2681 fragm.
1703 2601 1767 2662 lib.

352 2673 523 2768 xxrlvnr
545 2711 578 2763 et
593 2702 740 2762 xxxix.
759 2701 792 2785 p.
814 2717 884 2763 212.
903 2702 1001 2762 rom.
1022 2701 1062 2764 x.
1084 2697 1173 2760 suit.
1194 2698 1329 2780 sipont.
1351 2688 1602 2780 vellej.11.37.
1623 2706 1768 2786 ..erem

355 2808 501 2870 ducibus
516 2809 650 2869 Panare
672 2815 705 2868 et
725 2809 896 2870 Lasthene
921 2807 1037 2870 XXlV.
1060 2805 1217 2866 millibus
1231 2804 1398 2882 juvenum
1419 2807 1561 2890 coactis,
1586 2810 1770 2874 velocitate
1878 2871 1883 2880 ,

353 2911 569 2995 pernicibus,
591 2931 762 2974 armorum
779 2912 1005 2990 laborumque
1019 2909 1296 2993 patientissimis,
1318 2908 1520 2990 sagittarum
1533 2927 1598 2969 usu
1615 2912 1769 2984 celeber-

354 3016 471 3101 rimis,
491 3038 554 3099 per
583 3017 772 3079 triennium
801 3019 976 3079 Romanos
1007 3017 1173 3078 exercitus
1199 3014 1430 3098 fatigaverat.»
1455 3016 1639 3096 Perperam
1667 3017 1767 3085 Oros.

352 3123 377 3184 l.
397 3122 422 3184 l.
449 3125 605 3198 ,Cretam
627 3121 777 3184 insulam
796 3143 858 3205 per
877 3117 1055 3184 biennium
1088 3120 1249 3182 Metellus
1266 3120 1419 3182 evertit.)>
1457 3124 1543 3181 Nam
1568 3122 1768 3186 intertium

354 3245 486 3291 annum
507 3229 642 3288 bellum
664 3235 845 3288 extractum
868 3234 934 3306 est,
965 3245 1034 3304 quo
1060 3233 1213 3306 tempore
1241 3225 1405 3306 Pompejo
1431 3225 1617 3308 imperium
1648 3236 1768 3293 contra

240 3397 246 3406 ,
354 3330 484 3413 piratas
510 3330 662 3391 delatum
691 3328 812 3390 fuerat.
845 3329 905 3390 cfr.
935 3328 1080 3422 Appiam
1103 3331 1145 3388 de
1171 3329 1272 3389 rebus
1298 3329 1422 3392 Siculis
1437 3331 1518 3418 ¹Lib.
1538 3335 1576 3398 V.
1608 3337 1636 3394 6.
1660 3357 1694 3416 p.
1717 3337 1767 3410 54.
1830 3318 1832 3324 '

325 3469 331 3479 ‚
353 3437 414 3496 ru.
431 3434 592 3496 reuersa.
615 3433 719 3495 mon.
737 3433 843 3495 cassu
863 3433 985 3518 fragm.
1014 3431 1129 3500 ursin.
1153 3434 1376 3497 ccxxxvur
1392 3445 1424 3497 et
1439 3417 1514 3497 Lib.
1528 3438 1676 3499 xxxvi
1695 3461 1720 3500 t.
1736 3461 1766 3500 α.

354 3541 446 3602 Flors
468 3542 497 3601 3.
520 3562 550 3620 7.
578 3535 761 3613 <<Metellus
788 3538 932 3622 deinde,
966 3547 1073 3600 totam
1103 3537 1251 3600 insulam
1279 3538 1355 3623 igni
1382 3540 1542 3621 ferroque
1565 3541 1766 3624 populatus,

355 3643 448 3708 intra
466 3645 603 3707 castelli
620 3654 653 3707 et
673 3645 776 3707 urbes
789 3645 938 3729 redegit,
959 3654 993 3707 et
1010 3646 1181 3722 Gnossum
1195 3654 1233 3706 et·
1244 3648 1450 3728 Erythraeam
1467 3655 1517 3720 et,
1539 3654 1577 3703 ut
1590 3645 1700 3724 Graeci
1710 3645 1767 3708 di-

356 3769 432 3813 cere
455 3751 582 3832 solent,
603 3750 744 3812 urbium
765 3759 909 3812 matrem
931 3753 1147 3832 Cydoneam:
1170 3753 1325 3831 adeoque
1347 3770 1432 3814 saeve
1452 3749 1489 3810 in
1513 3748 1664 3830 captivos
1683 3770 1768 3813 con·

355 3853 551 3935 silebatur,
570 3864 608 3916 ut
631 3875 812 3918 venenose
828 3856 987 3938 plerique
1009 3856 1260 3937 interficerent,
1290 3854 1352 3916 alii
1373 3854 1587 3916 deditionem
1604 3872 1701 3916 suam
1720 3856 1767 3920 ad

355 3959 558 4042 Pompejum
587 3960 762 4023 absentem
790 3960 973 4026 mitterent.
1010 3963 1052 4045 Et
1080 3981 1187 4040 quum
1216 3960 1278 4022 ille
1307 3980 1360 4020 res
1389 3961 1427 4018 in
1455 3958 1533 4018 Asia
1563 3978 1702 4042 gerens,
1724 3981 1767 4025 eo

356 4085 495 4148 quoque
516 4065 714 4146 praefectum
736 4065 882 4128 misisset
896 4063 1106 4147 Antonium,
1128 4065 1166 4126 in
1188 4064 1300 4125 aliena
1322 4062 1499 4143 provincia
1519 4063 1670 4146 inclytus
1683 4064 1766 4128 fuit:

358 4190 471 4254 eoque
480 4169 640 4235 infestIor
654 4169 815 4232 Metellus
825 4169 864 4231 in
877 4171 991 4231 hostes
1004 4169 1061 4246 jus
1074 4167 1215 4229 victoris
1226 4165 1394 4228 exercuit:
1416 4167 1584 4248 victisque
1596 4170 1765 4232 Lasthene

361 4283 394 4343 et
411 4281 558 4358 muare,
574 4275 922 4364 Cydoneaeducibus,
936 4274 1052 4339 'victor
1065 4272 1179 4336 rediit.
1200 4275 1267 4334 Nec
1281 4270 1472 4352 quidquam
1489 4275 1639 4357 amplius
1651 4285 1767 4372 tamen

883 4447 895 4478 1
