4282 5390
1712 445 1754 506 ll

430 605 536 690 Cujus
558 604 672 692 socius
692 610 727 668 et
741 601 945 684 administer
971 605 1168 693 Perperna,
1186 612 1329 692 propter
1352 608 1463 675 scelus
1485 610 1695 696 supplicium
1719 612 1765 678 ti-

353 730 467 796 mens,
496 733 538 778 ex
558 709 719 774 Sardinia
737 710 777 774 in
796 709 976 798 Liguriam
995 719 1218 798 transvectus,
1232 712 1438 799 Hispaniam
1454 716 1586 801 petivit.
1620 719 1707 803 App.
1728 721 1764 781 Β.

339 819 425 885 ‘cin
442 821 470 883 1.
491 817 669 900 107.Plut.
692 804 777 883 Seri.
801 819 849 882 16.
859 816 896 902 ⁰)

356 949 890 990 -ι-ἱ--ι-ἰ--ι--ι--ι

352 1051 430 1098 sum
449 1040 513 1119 est,
535 1050 640 1116 quam
660 1001 829 1126 inpiperet
848 1030 1015 1106 .0ros.v.
1036 1039 1123 1094 aaa*
1143 1031 1193 1095 ita
1210 1031 1278 1096 hoc
1295 1030 1430 1096 bellum
1450 1029 1553 1096 civile
1570 1036 1691 1098 eadem
1710 1051 1766 1099 ce-

351 1155 504 1240 leritate,
525 1176 595 1238 qna
617 1153 758 1238 exarsit,
779 1151 929 1218 evanuit.
947 1154 1034 1237 App.
1056 1155 1093 1215 B.
1115 1153 1151 1217 G.
1165 1143 1192 1217 l'.
1217 1173 1286 1237 107.
1308 1148 1437 1224 anicia
1446 1148 1480 1232 ἐς
1489 1140 1579 1224 πολι)
1595 1135 1644 1224 ἔτι
1663 1149 1765 1231 ἀντίτ-

352 1293 421 1359 xm
442 1295 472 1342 ιο.
493 1296 524 1340 τ.
548 1279 583 1341 λ,
604 1279 672 1342 Sed
681 1274 871 1360 Lepidum
860 1282 987 1340 iterum
1002 1281 1122 1338 contra
1134 1275 1257 1340 urbem
1272 1280 1418 1364 duxisse,
1434 1289 1525 1346 recte
1538 1279 1764 1344 exPlutarchi

350 1398 466 1463 verbis
491 1395 679 1483 colligitur.
707 1397 827 1481 Pomp.
854 1397 902 1462 ιδ.
931 1379 964 1455 ἐν
956 1367 1030 1456 de
1047 1380 1180 1477 Μουτίνῃ
1198 1381 1255 1469 τῆς
1273 1389 1449 1488 Γοολοοτίοος
1477 1379 1763 1476 ἀντεκάθητο
1714 1419 1762 1493 τῳ

350 1486 470 1600 Βρούτῳ
488 1487 608 1592 ripun
625 1485 735 1595 χρᾶνον
755 1511 844 1596 (scil.
863 1489 1083 1600 Πομπηῖος)’
1067 1529 1100 1576 ον
1118 1532 1145 1606 ῳ
1129 1490 1345 1588 Λέπνὸος’
1328 1507 1387 1579 ντὶ
1405 1495 1459 1594 nit
1476 1497 1586 1608 nim
1606 1508 1684 1612 ῥυεὶς
1701 1512 1762 1582 mi

350 1608 629 1721 amandumve
645 1605 809 1711 {tader
790 1624 952 1698 naaratha
971 1650 1033 1722 pra
1065 1581 1156 1699 bvii
1154 1651 1212 1724 ρον
1240 1653 1320 1701 νοτ
1340 1640 1375 1702 λ,
1408 1637 1468 1702 cfr.
1491 1639 1550 1702 Or.
1569 1639 1659 1703 Phil.
1672 1641 1764 1704 med.

350 1739 424 1812 ,An
443 1737 644 1822 exspectatis
664 1739 748 1800 dum
772 1739 923 1803 exercitu
939 1747 1058 1806 rursu's
1077 1742 1218 1806 admoto
1238 1741 1331 1806 ferro
1355 1751 1458 1826 atque
1475 1747 1614 1806 flamma
1641 1744 1764 1808 urbem

347 1843 523 1906 invadat‘t
540 1843 602 1908 et
591 1865 630 1906 in
642 1844 702 1908 fin.
721 1845 1081 1931 ..QuoniamLepidus
1094 1848 1280 1913 exercitum
1291 1848 1427 1933 privato
1444 1849 1591 1914 consilio
1601 1858 1765 1936 paratum

347 1985 390 2002 -
409 1952 454 2012 ad
474 1951 597 2015 urbem
617 1951 749 2015 ducit.»
767 1952 836 2016 Sed
853 1955 958 2017 Bruto
973 1962 1079 2042 'capto
1095 1963 1206 2036 atque
1224 1941 1430 2034 interfecto,⁴¹
1453 1955 1545 2019 nihil
1565 1975 1681 2040 ausus,
1703 1954 1764 2017 iti-

350 2075 432 2141 nere
454 2075 638 2142 converso,
659 2057 698 2120 in
717 2058 888 2121 Etruriam
909 2059 1085 2124 recessisse
1102 2060 1257 2142 videtur,
1278 2061 1341 2124 ubi
1357 2063 1484 2126 iterum
1502 2062 1575 2125 acie
1596 2068 1762 2145 certatum

350 2167 410 2222 est.
431 2159 492 2220 cfr.
515 2161 614 2222 Oros.
634 2161 660 2223 l.
677 2161 702 2224 l.
724 2180 792 2241 qua
810 2165 853 2225 de
871 2182 909 2225 re
932 2162 982 2224 ita
1002 2163 1144 2246 exponit
1165 2164 1517 2240 Johnxsuperamius
1532 2187 1560 2220 c.
1579 2168 1637 2221 VI.
1719 2185 1729 2199 ·

430 2263 519 2336 ..Sed
541 2261 581 2319 in
600 2263 745 2317 Etruriae
767 2265 872 2316 litore
890 2264 1072 2318 commisso
1086 2263 1212 2337 proelio
1238 2269 1384 2342 coeperat
1402 2260 1552 2343 Lepidus
1565 2279 1637 2324 esse
1663 2281 1765 2346 supe·
1827 2283 1829 2287 ·

349 2368 423 2429 rior
439 2381 503 2448 per
522 2365 689 2421 armatam
710 2356 1084 2437 multitudinemque
1108 2361 1191 2419 odio
1215 2381 1332 2421 rerum
1346 2363 1570 2424 Sullanarum
1587 2384 1622 2428 se
1639 2365 1765 2449 Lepidi

347 2467 504 2555 partibus
520 2461 719 2555 applicaret.
745 2458 812 2522 Sed
832 2456 1015 2539 Pompejus
1035 2460 1079 2521 dc
1098 2456 1213 2521 Gallia
1232 2461 1387 2545 rediens,
1409 2483 1481 2526 non
1495 2485 1615 2548 passus
1637 2477 1688 2534 est
1700 2473 1764 2535 Le-

347 2573 425 2660 pidi
445 2569 624 2634 audaciam
642 2587 722 2630 cum
740 2563 891 2651 publicis
909 2563 1157 2628 detrimentis
1146 2585 1290 2648 impune
1312 2568 1465 2631 bachari.
1486 2572 1572 2631 Nam
1590 2569 1762 2655 fugientes

348 2679 423 2757 ejus
438 2675 555 2762 copias
578 2694 617 2737 ac
649 2689 685 2738 se
703 2669 921 2756 implicantes
948 2668 1170 2734 festinatione
1188 2670 1389 2735 formidinis
1415 2671 1465 2735 ita
1487 2675 1688 2758 prostravit,
1709 2685 1759 2751 ut,

351 2785 481 2862 majore
493 2800 636 2845 numero
647 2777 835 2864 privatus,
824 2799 863 2841 1n
872 2775 1068 2840 Sardiniam
1081 2774 1297 2862 confugerem
1314 2787 1363 2862 ut,
1374 2777 1542 2862 impedito
1556 2790 1760 2867 commeatu,

349 2888 518 2974 populum
534 2882 728 2949 Romanum
741 2883 922 2976 fatigaret
911 2882 1032 2968 inopia
1047 2903 1086 2946 ac
1099 2902 1177 2948 suas
1192 2883 1282 2948 vires
1298 2884 1402 2947 armis
1419 2885 1598 2967 copiisque
1614 2895 1648 2949 et
1664 2888 1763 2952 omni
1791 2925 1793 2930 ·

348 2994 579 3058 instrumento
595 2991 759 3076 reliceret.
779 2991 899 3084 Atque
904 2989 958 3052 ibi
976 2988 1150 3054 contrario
1172 2999 1398 3075 propraetore,
1417 2990 1665 3075 variisproeliis
1681 3013 1761 3078 gra-
1827 3021 1841 3034 r

348 3097 518 3182 vibusque
534 3095 698 3162 conflixit.
708 3100 795 3162 Nam
806 3093 1029 3160 solertissime
1042 3097 1187 3162 tutando
1202 3095 1427 3180 provinciam,
1438 3090 1567 3181 effecit,
1587 3097 1761 3181 utLepidi

350 3205 496 3270 consilia
510 3222 600 3268 vana
614 3201 737 3266 forent.
758 3199 923 3281 Undique
939 3199 1034 3266 enim
1042 3200 1241 3286 prohibitus
1258 3203 1511 3267 munitionibus
1527 3223 1568 3267 ac
1582 3200 1761 3266 civitatum
1859 3250 1863 3258 .
1882 3289 1886 3294 Ι

352 3306 605 3393 expugnatione
616 3305 795 3389 depulsus,
815 3303 973 3386 nequivit
991 3305 1140 3390 cogitata
1155 3306 1330 3392 perficere.
1349 3311 1398 3371 Ac
1416 3311 1501 3372 dum
1520 3310 1631 3374 multa
1648 3317 1761 3393 parat,

351 3413 474 3478 morbo
492 3409 589 3494 gravi
607 3427 786 3492 oppressus
800 3428 840 3472 ac
858 3418 1013 3474 mortuus
1030 3418 1089 3478 est.

231 3549 234 3557 ·
357 3531 359 3534 ·
428 3512 679 3600 ⁰)Perpcrna,
693 3522 878 3601 antequam
894 3514 933 3578 in
947 3516 1151 3602 Hispaniam
1161 3501 1449 3602 proficisceretur,
1472 3517 1510 3580 in
1529 3517 1672 3602 Liguria
1685 3518 1760 3584 bel·¹
1821 3567 1827 3584 .

348 3623 424 3690 hun
438 3639 618 3686 renovasse
632 3619 779 3684 videtur.
800 3619 860 3685 cfr.
873 3621 971 3686 Oros.
985 3623 1027 3690 V.
1049 3639 1098 3700 ον.
1117 3626 1312 3710 ..Perperna
1329 3623 1369 3686 in
1385 3622 1525 3707 Liguria
1542 3630 1576 3683 et
1590 3627 1668 3710 post
1683 3641 1762 3683 cum
1788 3679 1790 3684 .

349 3725 501 3792 Sertorio
526 3725 565 3788 in
591 3724 796 3810 Hispania.»
827 3729 883 3791 Ad
908 3728 1042 3794 bellum
1068 3731 1109 3793 in
1128 3727 1272 3817 Liguria
1295 3740 1428 3815 gestum
1451 3726 1556 3791 etiam
1581 3723 1762 3790 referenda

350 3837 448 3916 sunt,
468 3849 545 3916 que
563 3831 661 3896 Oros·
684 3833 725 3896 V.
744 3842 940 3898 emunitate
969 3835 1206 3907 ..Albanorum
1224 3835 1344 3896 civitas
1363 3829 1546 3894 obsidione
1568 3839 1759 3916 expugnata
1879 3883 1882 3888 ,

350 3947 454 4022 atque
476 3937 667 4001 excruciata
682 3935 774 4000 fame
788 3937 912 4000 ultima
934 3935 1184 3999 miserabilium
1199 3935 1427 4019 reliquiarum
1449 3934 1627 4000 deditione
1650 3953 1762 4002 serva-

351 4049 387 4112 ta
401 4051 461 4108 est.
482 4042 553 4108 Ubi
561 4049 642 4106 tunc
651 4040 778 4129 Scipio,
791 4039 1028 4126 Lepidifilius,
1040 4047 1159 4126 captus
1170 4045 1272 4124 atque
1280 4041 1411 4105 occisus
1424 4049 1504 4104 est.»
1524 4042 1607 4124 Qua
1620 4041 1762 4123 quidem

351 4147 454 4214 lectio
470 4147 500 4214 si
513 4147 664 4233 genuina
679 4155 744 4232 est,
764 4148 858 4213 hunc
874 4145 1072 4230 Scipionem
1086 4142 1253 4210 affinitate
1269 4166 1348 4209 cum
1362 4148 1403 4228 Q.
1419 4144 1580 4220 Cornelio
1600 4145 1762 4229 Scipione

354 4251 502 4320 Asiatico
518 4252 738 4340 conjunctum
761 4260 795 4318 et
816 4271 837 4316 a
859 4251 991 4345 Lepido
1015 4254 1217 4335 adoptatum
1242 4247 1346 4316 fuisse
1370 4257 1500 4324 statuo,
1529 4249 1593 4330 qui
1617 4246 1763 4340 Donxx

1003 4370 1006 4377 ·
1444 4361 1468 4406 s
