4576 5318
588 567 663 658 252.
752 541 756 548 ’

578 755 753 850 ‘Egregia
773 759 858 823 fides
879 769 913 825 c.
938 759 987 821 55.
1018 755 1210 821 liberalitas
1229 772 1281 839 49.
1307 755 1461 822 facinora
1480 756 1615 841 ingenii
1634 767 1667 824 5.
1689 776 1719 822 5.
1740 757 1795 822 vir
1814 775 1845 834 4.
1869 768 1926 824 tua
1949 782 1996 825 50.

632 885 761 944 merces
792 868 835 932 Η.
856 869 881 926 1.
905 866 953 927 15.
981 861 1072 928 lama
1097 865 1158 948 IV.
1178 881 1225 927 55.
1252 862 1354 928 claris
1374 871 1407 927 et
1427 862 1574 949 egregiis
1595 861 1694 928 lactis
1725 875 1757 932 J.
1780 869 1830 929 63.
1860 865 1898 927 in
1919 866 1997 929 aliis

630 972 762 1034 artibus
783 991 895 1056 egreg.
918 974 967 1048 85.

590 1073 737 1165 Ejicere
756 1085 885 1161 pestem
906 1087 939 1143 J.
966 1077 1011 1149 54.

591 1183 703 1248 Elate
723 1191 782 1245 aut
801 1183 1036 1246 securissimus
1056 1190 1150 1248 metu
1169 1179 1213 1244 Η.
1234 1183 1260 1250 Ι.
1282 1185 1332 1244 35.

590 1285 811 1374 Elegantius
830 1289 977 1372 psallere
998 1308 1101 1370 quam
1123 1307 1257 1354 necesse
1279 1295 1328 1353 054
1347 1287 1463 1372 probae
1486 1297 1522 1354 C.
1544 1295 1592 1353 56.

592 1390 779 1456 Ementiri
797 1396 905 1458 multa
927 1407 962 1462 c.
984 1411 1034 1476 49.
1676 1391 1679 1398 ’

591 1497 801 1588 Emergunt
821 1521 856 1565 sc
878 1501 986 1564 fundo
1009 1499 1147 1583 navigia
1168 1499 1210 1562 H.
1232 1499 1358 1564 1v.35.

592 1597 768 1668 Eminens
788 1605 945 1688 patibulo
967 1605 1182 1690 adigebatur
1203 1607 1248 1672 H.
1268 1608 1324 1668 1v.
1346 1606 1397 1685 57.

594 1705 750 1772 Eminus
770 1710 873 1775 missa
895 1711 962 1775 tela
984 1722 1015 1778 5.
1026 1705 1087 1774 ’58.
1105 1709 1220 1788 jacula
1241 1730 1306 1778 ern.
1328 1709 1432 1773 missa
1457 1731 1523 1776 101.
1547 1729 1611 1773 em.
1633 1709 1759 1796 glande
1778 1729 1932 1796 pugnare
1954 1713 2002 1795 57.

634 1811 871 1880 funditoribus
892 1835 921 1880 e.
943 1823 1070 1880 terrere
1092 1831 1143 1897 94.
1167 1811 1296 1879 emissa
1313 1815 1430 1895 jacula
1449 1817 1627 1882 tormentis
1646 1825 1705 1878 aut
1725 1835 1830 1879 manu
1852 1819 1900 1898 57.

593 1915 728 1982 Emori
744 1939 808 2002 per
826 1920 987 1984 virtutem
1009 1928 1146 2004 praestat
1167 1933 1203 1990 c.
1227 1937 1277 1986 50.

594 2019 760 2086 Emundi
777 2033 836 2086 aut
855 2013 1013 2088 mutandi
1035 2027 1136 2111 copia
1155 2039 1188 2095 5.
1213 2029 1260 2091 58.
1280 2027 1416 2093 enisum
1436 2028 1486 2092 ita
1506 2047 1542 2093 se
1562 2029 1607 2091 ab
1629 2026 1861 2091 adulescentia
1884 2041 1933 2090 55.
1956 2030 2003 2100 54.

639 2147 839 2192 susurnam
861 2151 926 2215 ope
948 2131 1081 2197 enisum
1106 2136 1165 2197 55.
1961 2149 1963 2154 ·

595 2229 788 2298 Enunciat
808 2237 928 2299 dolum
949 2259 1025 2319 quae
1045 2241 1233 2322 parabatur
1253 2243 1290 2304 G.
1313 2241 1361 2308 56.
1392 2241 1518 2322 epulas
1537 2237 1630 2304 inter
1649 2247 1681 2306 5.
1705 2239 1753 2302 66.
1780 2225 1892 2322 epulis
1921 2256 2005 2302 one-

636 2337 704 2402 rati
726 2343 775 2423 76.
796 2342 908 2424 epulis
924 2342 1134 2423 jucundiora
1156 2343 1205 2408 85.

596 2441 751 2526 Equites
771 2445 948 2509 auxiliarii
979 2458 1010 2514 5.
1032 2455 1082 2526 46.
1113 2450 1270 2514 Numidae
1291 2451 1342 2512 66.
1377 2449 1595 2532 cataphracti
1615 2451 1660 2511 H.
1681 2451 1737 2514 1v.
1761 2466 1811 2515 55.
1843 2454 2007 2532 equestre

636 2550 799 2632 proelium
819 2563 851 2619 J.
874 2555 925 2614 60.
948 2555 1033 2614 ordo
1056 2566 1093 2621 c.
1117 2575 1165 2636 57.
1186 2573 1306 2638 parma
1326 2554 1370 2616 H.
1391 2555 1448 2621 lv.
1472 2553 1520 2616 56.
1549 2547 1635 2634 equi
1651 2551 1879 2634 Numidaeque
1900 2565 1932 2621 J.
1954 2569 2006 2632 49.

640 2673 731 2735 aquo
750 2655 932 2722 circumire
952 2669 989 2725 c.
1009 2661 1059 2738 59.
1080 2657 1268 2739 equitatus
1287 2657 1477 2743 plurimum
1497 2667 1530 2724 J.
1550 2659 1599 2733 46.
1620 2657 1841 2721 auxiliarium
1862 2671 1913 2738 49.

600 2760 743 2842 Erepto
762 2761 856 2826 bona
876 2773 912 2829 c.
938 2785 985 2845 57.
1006 2781 1047 2826 ex
1066 2760 1228 2826 servimte
1249 2763 1298 2837 48.
1320 2761 1490 2825 beneficia
1509 2770 1621 2825 vestra
1640 2773 1672 2829 5.
1698 2779 1746 2839 54.
1766 2761 1838 2825 vita
1858 2762 1905 2826 ib.
1925 2761 2010 2827 civi·

641 2870 744 2928 tatem
764 2867 929 2952 periculis
951 2879 987 2934 c.
1001 2870 1050 2942 46.
1073 2886 1177 2954 07505.
1200 2869 1250 2942 46.
1273 2867 1317 2928 ad
1338 2885 1418 2930 eum
1440 2866 1659 2951 eripiendum
1680 2869 1729 2930 5ο.
1747 2865 1892 2929 victoria
1912 2875 2009 2949 parta

641 2989 682 3036 ex
701 2971 862 3035 manibus
880 2983 912 3037 5.
935 2975 986 3034 65.
1007 2971 1148 3055 praemia
1169 2978 1325 3055 5557550555
1347 2979 1431 3034 eunt
1452 2974 1502 3036 85.
1525 2973 1677 3036 animam
1698 2983 1734 3039 c.
1756 2972 1804 3035 55.
1830 2967 1931 3035 victis
1952 2971 2009 3034 in-

635 3073 737 3152 juriae
757 3074 936 3138 licentiam
961 3097 1007 3138 55.
1028 3097 1069 3140 ex
1090 3075 1250 3140 manibus
1270 3075 1389 3160 impiis
1409 3088 1441 3144 5.
1465 3093 1514 3151 54.
1675 3085 1679 3094 “

602 3171 727 3242 Ericii
745 3176 908 3242 militaris
928 3179 965 3241 in
988 3182 1130 3243 modum
1152 3183 1196 3242 H.
1216 3183 1277 3244 111.
1300 3197 1349 3257 45.
1556 3173 1558 3178 ’

603 3281 751 3345 Errant
768 3283 891 3366 procul
911 3286 942 3346 J.
964 3284 1013 3348 65.
1035 3303 1170 3347 errans
1185 3305 1303 3370 oppos.
1324 3279 1627 3350 sceleratissimus
1651 3291 1717 3353 503.
1740 3292 1868 3349 errata
1888 3283 2010 3352 officiis

644 3391 807 3473 5557555550
825 3389 874 3453 ib.
895 3407 1023 3455 errasse
1044 3397 1077 3455 et
1096 3401 1129 3457 5.
1151 3392 1278 3457 5001555
1298 3392 1435 3478 lapsum
1460 3407 1525 3466 504.

603 3477 807 3579 5355555ρεῖ0
833 3498 877 3559 ad
905 3507 940 3563 C.
962 3500 1012 3570 43.
1043 3495 1135 3560 inter
1161 3497 1228 3561 tela
1258 3498 1412 3562 bostium
1439 3493 1471 3560 J.
1498 3515 1563 3560 505.
1595 3493 1647 3558 555
1666 3492 1815 3578 piscium
1837 3509 1878 3557 ex
1900 3495 2011 3558 Ponto

643 3601 687 3662 H.
709 3601 776 3666 inc.
796 3603 911 3688 globis
930 3601 1147 3688 eruptionem
1166 3601 1277 3668 lacere
1298 3605 1357 3664 lll.
1380 3621 1410 3668 5.

603 3701 730 3771 Etiam
752 3719 827 3772 tum
848 3721 885 3777 c.
908 3728 937 3772 5.
965 3709 1134 3795 paulatim
1155 3709 1260 3775 etiam
1280 3708 1413 3793 spirans
1434 3707 1453 3767 6
1460 3729 1483 3766 5.
1515 3725 1543 3769 0.
1565 3706 1610 3768 56
1631 3703 1821 3770 necessaria
1844 3723 1894 3768 5ο.
1917 3723 1946 3769 0.
1968 3704 2014 3767 ti·

644 3813 759 3882 midos
782 3815 832 3877 58.
860 3815 1071 3879 cunctamini
1092 3815 1197 3882 etiam
1217 3835 1319 3877 nunc.
1343 3814 1391 3896 55.
1423 3809 1568 3874 obscuro
1591 3811 1695 3876 etiam
1723 3818 1797 3875 tum
1823 3809 1957 3874 lumine
1981 3819 2011 3876 J.

649 3937 698 3977 55.
727 3915 832 3980 etiam
852 3929 953 3983 antea
977 3935 1024 3997 54.
1056 3926 1252 3987 etiamtum
1277 3921 1327 3982 63.
1364 3915 1403 3982 in
1418 3911 1580 3999 princip.
1601 3916 1708 3982 etiam
1727 3921 1829 3980 antea
1849 3917 1900 3978 80.
1929 3910 2013 3978 init.

647 4017 751 4084 0455555
773 4029 876 4102 atque
897 4023 1002 4088 5455555
1023 4035 1178 4112 5075554540
1199 4029 1249 4092 85.
1272 4023 1402 4108 quippe
1422 4020 1526 4087 etiarn
1547 4041 1595 4102 90.
1614 4017 1706 4082 nihil
1728 4019 1833 4082 etiam
1854 4025 1936 4083 tunc
1955 4019 2015 4084 de·

651 4125 794 4191 crevisse
809 4149 873 4208 509.
885 4129 934 4192 55.
958 4130 1049 4194 ultra
1062 4131 1299 4196 Romanorum
1314 4137 1348 4195 04
1359 4123 1560 4192 mortalium
1573 4124 1678 4190 etiam
1690 4141 1822 4187 morem
1834 4125 1878 4190 H.
1889 4123 1933 4190 11.
1945 4137 1994 4198 45.

609 4231 771 4298 Evadere
791 4234 936 4298 advorso
957 4237 1046 4304 colle
1070 4239 1101 4300 5.
1124 4245 1172 4304 55.
1202 4236 1332 4322 oppido
1355 4236 1404 4298 56.
1435 4231 1542 4300 evasit
1567 4230 1714 4304 huccine
1733 4225 1942 4294 beneficium
1967 4241 2013 4303 54.

651 4337 744 4402 inter
762 4336 915 4425 virgulta
937 4342 985 4405 50.

610 4442 818 4509 Evenerant
839 4465 957 4532 aspera
975 4446 1134 4532 ioedaque
1156 4458 1192 4516 c.
1215 4449 1264 4516 56.
1297 4466 1364 4532 pax
1384 4468 1414 4528 9.
1442 4445 1515 4512 illis
1535 4441 1660 4513 merito
1680 4437 1828 4526 sceldes,
1847 4435 2014 4524 quicquid
