4230 5348
360 476 428 529 112

355 652 439 728 tari,
460 669 572 736 neque
595 656 711 730 atteri,
740 651 847 714 itaut
874 667 1004 712 novum
1026 647 1162 712 bellum
1194 648 1339 736 integris
1364 648 1499 715 viribus
1534 654 1609 738 geri
1641 665 1762 738 posset.

334 766 337 772 '
355 761 444 820 Nam
461 757 565 821 minis
587 776 725 840 quoque
747 763 780 818 et
795 762 926 820 terrore
947 753 1080 818 Arsacis
1104 752 1259 832 animum
1280 773 1497 822 commovere
1506 757 1597 823 velle
1613 761 1759 826 ridetur.

226 871 228 874 ’
350 864 424 943 jam
445 863 664 927 manifestum
683 868 749 942 est,
768 859 974 945 Tigranem,
994 860 1024 924 si
1047 879 1089 925 eo
1111 859 1205 924 bello
1220 862 1379 945 superior
1401 862 1624 948 discessisset,
1645 867 1763 932 Arsaci

354 969 487 1032 bellum
507 967 685 1028 illaturum
710 964 829 1045 fuisse3
859 974 979 1030 contra
1007 965 1038 1030 si
1059 965 1170 1029 victus
1196 964 1334 1051 fuisset,
1354 971 1531 1060 Itomanos
1549 972 1665 1054 potius
1687 991 1765 1059 reg-

353 1093 438 1139 num
450 1073 655 1136 Parthorum
666 1093 770 1170 quam
784 1073 998 1157 Armeniam,
1011 1073 1134 1158 procul
1150 1079 1339 1149 remotam,
1353 1073 1449 1138 bello
1468 1074 1573 1140 fuisse
1583 1075 1762 1160 petituros.

326 1171 329 1174 ¹
356 1179 408 1244 ad
427 1175 649 1244 occidentem
668 1176 909 1268 pergentibus
933 1178 994 1242 cfr.
1015 1177 1140 1246 Justin.
1160 1183 1210 1259 39.
1231 1179 1271 1254 ,52
1296 1180 1395 1253 ,iam
1416 1179 1511 1244 enim
1531 1180 1671 1246 fortuna
1692 1187 1765 1247 Ro-

355 1305 457 1350 mana
484 1285 662 1369 porrigere
681 1305 716 1348 se
742 1286 787 1347 ad
807 1284 1003 1350 orientalia
1019 1304 1152 1370 regna,
1172 1303 1246 1347 non
1270 1289 1430 1348 contenta
1457 1286 1566 1350 Italiae
1588 1287 1764 1366 terminis,

355 1399 531 1478 creperet.»
549 1391 633 1458 Sine
647 1393 778 1474 patria
803 1387 839 1454 el
854 1377 1082 1473 parentibus.
1104 1395 1140 1453 et
1162 1390 1203 1468 in
1221 1391 1296 1455 Vat.
1308 1413 1336 1454 r.
1357 1389 1539 1476 omissum;
1564 1400 1663 1456 recte.
1684 1412 1764 1477 pes-

353 1497 439 1562 sime
458 1497 609 1560 Cortlus:
629 1516 693 1560 nec
714 1497 920 1580 imperantes
936 1516 999 1560 nec
1018 1504 1178 1579 parentes
1195 1494 1302 1561 fuisse
1319 1496 1359 1558 in
1380 1495 1446 1559 ista
1463 1496 1613 1561 colluvie
1630 1496 1764 1581 innuit,

354 1603 379 1666 i.
396 1623 425 1666 e.
449 1601 553 1666 fuisse
581 1601 662 1664 illos
688 1601 763 1664 sine
782 1599 993 1684 republica.»
1013 1600 1116 1666 unice
1140 1621 1222 1665 vera
1248 1601 1357 1665 altera
1382 1602 1634 1686 interpretandi
1660 1603 1765 1682 ratio,

354 1728 458 1788 quam
476 1708 538 1771 ille
554 1703 690 1790 rejecit,
710 1706 842 1770 scilicet
862 1705 1022 1770 homines
1042 1706 1151 1784 istos,
1165 1706 1228 1789 qui
1245 1728 1285 1771 ex
1301 1709 1371 1771 suis
1391 1707 1531 1771 sedibus
1544 1707 1685 1793 profugi
1709 1709 1766 1773 vel

354 1813 486 1876 exsules
508 1814 651 1873 Romam
670 1797 921 1888 conveneram,
950 1811 1096 1875 obscuro
1116 1818 1150 1875 et
1168 1811 1291 1876 infimo
1311 1813 1390 1878 loco
1410 1819 1504 1881 ortos
1523 1833 1610 1893 esse3
1638 1815 1766 1878 Seneca

290 1958 302 1970 κ
352 1919 414 2001 Ep.
438 1919 506 1980 108.
527 1916 614 1978 Anci
639 1923 736 1999 pater
764 1915 891 1980 nullus.
917 1917 1038 1979 Horat.
1057 1915 1158 1981 Satis.
1186 1939 1214 1980 r.
1242 1921 1272 1982 6.
1304 1938 1361 1982 roe
1394 1919 1522 1984 multos
1551 1939 1640 2004 saepe
1670 1919 1765 1983 viros

353 2022 460 2086 nullis
477 2020 665 2098 majoribus
683 2027 787 2083 ortos.
808 2022 937 2082 Contra
954 2021 1090 2086 nobiles
1108 2028 1142 2086 et
1163 2023 1308 2106 patricii
1322 2022 1425 2108 dicti,
1445 2025 1508 2107 qui
1520 2033 1654 2107 patrem
1675 2025 1767 2100 ciere

353 2132 527 2211 poterant3
543 2125 616 2206 sed
636 2121 783 2204 plebejis
803 2123 1002 2188 hominibus
1028 2134 1167 2209 gentem
1188 2147 1260 2191 esse
1286 2130 1472 2210 negabant.
1509 2125 1584 2189 nisi
1612 2133 1767 2209 partum

353 2231 486 2295 trabere
505 2233 580 2298 Vat.
601 2250 627 2289 r.
654 2231 779 2293 -sed
809 2229 989 2293 Giaceonii
1014 2217 1212 2310 conjectura
1238 2237 1389 2316 raptum
1416 2231 1471 2296 vel
1505 2239 1625 2296 contra
1646 2252 1766 2299 omnes

355 2337 462 2401 Codd.
483 2336 673 2400 retinenda.
686 2343 790 2419 peste
803 2335 984 2404 eonditor.
996 2335 1251 2430 [restituerunt
1271 2337 1333 2424 qui
1347 2341 1583 2422 emendarent,
1606 2346 1644 2402 ut
1660 2338 1767 2403 dictio

356 2444 429 2532 iere
451 2446 570 2508 eadem
586 2450 673 2508 esset
689 2450 728 2505 ut
747 2441 858 2508 infra:
874 2443 1077 2523 perdundae
1090 2439 1260 2522 pecunice
1276 2441 1465 2527 genitum»
1484 2439 1630 2506 conditi
1643 2443 1769 2528 populi

356 2551 520 2614 dicuntur
538 2556 577 2612 ut
603 2548 790 2631 collegium
809 2543 880 2607 Liv.
908 2546 936 2606 5.
958 2545 1007 2606 52.
1027 2546 1222 2609 Romanam
1245 2545 1394 2607 condere
1410 2552 1548 2630 gentem
1572 2547 1667 2633 Virg.
1681 2550 1765 2616 Aen.

357 2677 387 2720 r.
402 2661 462 2729 335
482 2655 606 2717 Justin.
631 2676 659 2718 2.
683 2655 717 2714 6:
740 2653 848 2736 genus
873 2649 1067 2713 hominum.
1083 2643 1320 2732 potentisque
1345 2651 1419 2715 Vat.
1448 2672 1476 2712 r.
1500 2667 1535 2729 23
1566 2649 1767 2716 excindant
1831 2729 1840 2738 ³

356 2761 431 2826 Vat.
449 2780 476 2819 r.
498 2758 628 2842 optime
645 2756 706 2821 clr.
722 2757 806 2820 Aen.
823 2777 854 2834 9.
872 2759 945 2836 137:
968 2750 1073 2816 trahi
1088 2755 1113 2815 i.
1126 2773 1155 2820 e.
1174 2753 1281 2836 diripi
1295 2756 1374 2819 Tac.
1391 2754 1475 2817 dnn.
1488 2757 1537 2817 15.
1553 2776 1580 2817 ι.
1601 2755 1767 2820 Seleucia

355 2864 524 2930 Seleucea
545 2867 619 2929 Vat.
643 2886 669 2925 r.
687 2863 783 2925 haud
804 2860 911 2924 dubie
927 2858 1141 2943 significatur
1154 2859 1298 2948 Magna
1314 2859 1387 2930 sive
1407 2859 1601 2942 Babylonia
1617 2860 1726 2946 dicta,
1748 2883 1769 2925 a

354 2971 496 3036 Seleuco
513 2968 673 3033 Nicatore
690 2967 849 3043 condita,
870 2969 915 3030 ad
936 2965 1070 3051 Tigrim
1088 2964 1248 3048 flurium,
1262 2968 1382 3026 contra
1393 2963 1662 3046 Ctesiphontem.
1676 2967 1765 3029 Plin.

355 3079 385 3140 5.
407 3098 434 3137 c.
458 3079 513 3136 26:
535 3077 578 3136 de
596 3074 676 3137 aliis
695 3074 848 3152 ejusdem
860 3071 1011 3135 nominis
1024 3061 1170 3135 urbibus
1188 3070 1249 3134 cfr.
1273 3069 1365 3132 Plin.
1386 3069 1416 3132 5.
1442 3086 1489 3130 ra.
1512 3075 1547 3134 et
1568 3074 1623 3132 23:
1647 3067 1767 3160 incly-

266 3247 268 3250 ,
356 3180 406 3244 tis
424 3182 500 3245 Yet.
519 3201 545 3240 r.
559 3177 687 3270 justos
709 3173 876 3244 dominos
893 3178 1037 3242 colunt.
1057 3174 1279 3244 csr.Freinsh.
1295 3178 1336 3238 ad
1353 3176 1444 3238 lllor.
1468 3192 1496 3242 a.
1520 3195 1568 3239 ro.
1585 3192 1623 3255 43
1643 3177 1768 3240 lustin.

356 3288 406 3352 58.
429 3290 458 3348 3.
481 3286 577 3349 Grut.
598 3288 642 3352 ad
658 3285 731 3347 Lir.
755 3288 807 3360 45.
828 3302 886 3365 29:
909 3284 977 3347 Cic.
997 3284 1042 3346 ad
1059 3281 1207 3362 Attic.·7.
1224 3306 1252 3364 7.
1278 3275 1444 3346 Persidis
1463 3300 1534 3343 non
1553 3280 1768 3364 provinciam

355 3411 431 3472 quae
449 3390 591 3475 proprie
610 3393 678 3461 hoc
698 3390 841 3452 nomine
862 3389 1114 3472 appellabatur,
1134 3386 1332 3471 intelligere
1351 3383 1504 3468 videtur,
1527 3388 1586 3449 sed
1605 3382 1769 3452 Persidis

356 3516 421 3581 pro
445 3494 584 3560 Persice
611 3493 719 3573 dixit,
750 3475 846 3575 quod
874 3493 985 3572 major
1014 3490 1143 3555 Persici
1169 3489 1311 3574 imperii
1332 3509 1410 3575 pars
1439 3490 1573 3563 Media,
1601 3490 1767 3576 Elymais,

356 3600 551 3684 Babylonia
570 3607 604 3663 et
621 3598 753 3661 Bactria
771 3599 907 3670 Parthis
923 3598 1074 3677 subjecta
1092 3596 1167 3660 tuit
1189 3599 1311 3660 eodem
1334 3597 1438 3660 modo
1459 3595 1553 3688 Mela
1572 3601 1605 3659 et
1623 3595 1769 3659 Plinius.

257 3695 259 3698 ⁵
437 3711 536 3768 -13.-
558 3700 674 3771 Curio
700 3705 740 3769 V
736 3699 1022 3792 ulcanaiiorum.
1043 3704 1112 3765 hoc
1138 3709 1173 3766 et
1199 3717 1345 3783 sequens
1363 3699 1595 3787 fragmentum
1621 3702 1667 3764 ad
1688 3720 1770 3764 ean-

358 3816 438 3880 dem
469 3831 543 3875 rem
574 3810 748 3893 pertinere
772 3810 831 3872 vix
859 3816 924 3893 est,
953 3810 1049 3890 quod
1075 3807 1225 3890 dubites,
1256 3806 1296 3871 in
1324 3809 1512 3872 secundum
1540 3805 1671 3868 librum
1696 3808 1770 3870 haec

359 3914 536 3987 transtulit
545 3915 648 3990 Debr.
671 3934 784 3995 neque
805 3913 907 3990 facile
925 3918 1066 3992 doceas,
1091 3915 1267 3996 quomodo
1285 3913 1359 3975 haec
1378 3913 1426 3980 IV
1445 3910 1537 3976 libro
1562 3891 1772 3975 commemo:

333 4049 334 4052 ¹
356 4016 428 4080 rari
442 4017 633 4098 potuerint,
655 4039 732 4080 cum
750 4026 827 4102 post
843 4018 1030 4084 Curionem
1052 4020 1099 4080 M.
1113 4017 1277 4083 Lucullus
1300 4017 1541 4080 Macedoniam
1556 4016 1770 4100 provinciam

236 4159 243 4167 ·
358 4117 567 4198 obtinuerit;
597 4121 693 4198 cujus
713 4144 771 4192 res.
797 4124 988 4208 gestae-hoe
1018 4121 1097 4184 loco
1128 4128 1225 4185 erant
1255 4123 1465 4186 enarrandae.
1486 4143 1517 4186 r.
1543 4141 1646 4206 supra
1666 4143 1700 4204 p.
1719 4123 1769 4182 32.

357 4263 373 4277 -
386 4229 457 4288 rb„-
477 4218 663 4298 Dissidere
678 4234 741 4289 etc.
769 4227 949 4306 discordiae
975 4226 1067 4289 inter
1087 4226 1286 4321 Spartacum
1309 4228 1530 4310 reliquosque
1545 4226 1772 4312 fugitivorum

284 4361 287 4366 ·
360 4334 463 4397 duces
487 4328 543 4396 his
571 4331 686 4397 verbis
713 4331 903 4419 significari
932 4333 1106 4399 ridentur.
1136 4334 1258 4430 eodem
1288 4332 1464 4417 pertinere
1487 4334 1626 4400 videtur
1645 4331 1690 4406 ir.
1722 4351 1769 4412 19·
