4282 5390
452 475 503 567 64

454 670 534 734 tisse
547 668 714 752 ridetur,
733 671 777 732 de
797 669 970 761 Mamerco
995 663 1055 732 cfr.
1086 663 1204 751 Sigon.
1233 665 1423 727 comment.
1448 663 1487 728 iu
1513 666 1598 730 Fast.
1625 675 1660 732 et
1680 670 1860 760 Triumph.

454 799 489 860 p.
511 775 587 870 2783
607 776 765 838 Debross.
779 776 822 834 H.
840 775 882 834 R.
901 775 928 834 I.
941 793 976 860 p.
989 772 1061 846 425.
1081 778 1116 834 et
1135 770 1404 835 va1.Max.v11.
1425 791 1455 851 7.
1475 772 1514 848 65
1537 780 1573 836 et
1584 779 1704 838 Ascon.
1717 779 1859 847 Pedian.
1938 839 1942 846 .
2034 783 2038 790 '

412 889 417 898 '
454 885 586 946 Comm.
606 882 644 944 in
667 881 802 950 Gornel.
825 877 860 962 p.
891 879 960 952 ula.
991 878 1089 940 -m-
1115 871 1309 958 Philippus
1336 871 1403 957 qui
1425 873 1547 953 artati,
1566 877 1641 942 haec
1658 865 1769 945 ‘verba
1786 905 1859 949 non

451 989 556 1050 modo
571 985 615 1048 ad
625 985 834 1069 Philippum,
853 983 948 1062 cujus
968 981 1081 1046 oratio
1099 987 1214 1058 exstat,
1233 986 1400 1064 spectant,
1421 980 1603 1045 sedetiam
1622 1003 1663 1047 eo
1676 984 1754 1070 ipso
1770 987 1860 1074 loco,

451 1094 520 1174 q'uo
547 1111 639 1153 nunc
658 1090 770 1174 posita
794 1095 890 1172 sunt,
909 1087 1002 1151 dicta
1019 1104 1090 1150 esse
1112 1084 1285 1148 videntur.
1326 1083 1532 1149 Debrossius
1553 1087 1738 1175 saepissime
1758 1092 1797 1156 in
1816 1114 1858 1158 eo

452 1195 592 1281 erravit,
612 1199 707 1277 quod
739 1195 833 1259 idem
857 1194 1089 1280 fragmentum
1115 1193 1160 1253 ad
1185 1192 1254 1254 duo
1283 1188 1360 1252 loca
1383 1189 1615 1276 diversissima
1648 1195 1769 1280 traxit,
1801 1199 1858 1270 rel

451 1303 567 1367 alieno
581 1302 658 1365 loco
670 1301 844 1376 laudavit3
866 1302 960 1363 hunc
979 1297 1120 1380 quidem
1142 1295 1181 1358 in
1201 1294 1337 1359 Sullani
1354 1291 1488 1360 funeris
1509 1297 1740 1382 descriptione
1765 1302 1860 1384 posi-

452 1414 525 1469 tum
548 1404 653 1471 fuisse
671 1405 810 1483 statuit,¹
836 1411 876 1468 ut
897 1401 1139 1486 explicaretur,
1167 1421 1229 1465 cur
1245 1398 1427 1484 Philippus
1443 1401 1663 1483 potissimum
1684 1404 1859 1472 laudatio-

448 1531 529 1576 nem
546 1511 727 1576 funebrem
751 1508 923 1573 habuerit.
1894 1561 1901 1568 .

532 1651 551 1666 ·
567 1637 613 1697 19.
623 1652 637 1666 ·
659 1615 727 1680 Or.
745 1607 913 1696 Philippi
927 1607 967 1676 in
982 1613 1062 1678 Sea.
1079 1613 1130 1676 ita
1144 1614 1253 1680 Vatic.
1271 1635 1298 1676 1.
1319 1612 1440 1680 Oratio
1461 1614 1499 1676 L.
1513 1612 1678 1698 Philippi.
1691 1617 1799 1683 Vatic.
1814 1617 1858 1682 11.

448 1711 498 1784 De
510 1721 675 1805 Philippo
692 1718 753 1783 cfr.
768 1717 903 1793 Ernesti
923 1720 1015 1781 Clar.
1035 1719 1106 1783 Cic.
1124 1726 1159 1782 et
1173 1717 1334 1802 inprimis
1349 1720 1393 1782 de
1409 1718 1468 1780 Or.
1485 1722 1514 1780 3.
1533 1716 1655 1798 initio,
1674 1719 1800 1801 quibus
1817 1741 1858 1786 ex

450 1824 537 1888 locis
557 1825 786 1910 intelligitur,
808 1845 888 1889 eum
915 1824 1079 1902 juvenem
1107 1824 1251 1905 quidem
1268 1843 1289 1886 a
1306 1823 1431 1908 populi
1449 1823 1607 1908 partibus
1616 1825 1776 1904 stetisse,
1805 1826 1860 1910 ip-

452 1946 594 2012 samque
612 1928 784 2015 agrariam
799 1932 914 2016 legem
929 1929 1068 2012 tulisse,
1088 1931 1150 1994 sed
1171 1935 1286 1992 tamen
1310 1926 1413 1992 facile
1434 1948 1510 1992 eam
1528 1930 1703 2011 antiquari
1720 1949 1859 2016 passum

395 2089 401 2093 .
450 2054 531 2100 esse.
553 2039 678 2098 Contra
706 2035 746 2097 in
769 2036 889 2099 Cinnae
913 2034 1154 2100 dominatione
1180 2053 1276 2096 arma
1307 2054 1428 2118 capere
1456 2034 1590 2112 noluit,
1611 2042 1646 2098 et
1667 2054 1731 2119 per
1751 2042 1858 2100 totam
1950 2075 1955 2080 -

447 2140 555 2198 vitam
587 2140 768 2198 hominem
797 2159 879 2198 vere
908 2141 1113 2218 popularem
1151 2156 1187 2200 se
1214 2139 1372 2220 praebuit.
1414 2141 1583 2204 caeterum
1608 2139 1759 2220 optimus
1791 2159 1861 2202 suar

447 2241 556 2306 aetatis
574 2247 691 2304 orator
711 2248 790 2324 post
809 2241 848 2301 L.
863 2241 1020 2302 Crassum
1034 2247 1068 2301 et
1081 2241 1128 2300 M.
1148 2241 1340 2302 Antonium
1357 2249 1408 2301 est
1425 2239 1577 2301 habitus.
1596 2241 1710 2324 Ipsam
1731 2241 1861 2304 oratio-

446 2366 528 2410 nem
553 2366 645 2410 anno
666 2353 744 2430 post
766 2365 838 2409 esse
859 2347 1032 2428 habitam,
1059 2364 1130 2424 quo
1155 2352 1311 2425 tempore
1336 2343 1488 2424 Lepidus
1507 2351 1666 2426 reparato
1691 2346 1860 2424 exercitu,

446 2452 574 2517 iterum
599 2460 720 2514 contra
746 2453 870 2514 urbem
889 2450 1004 2522 duxit,
1024 2468 1103 2506 cum
1126 2467 1168 2504 ex
1186 2447 1262 2521 ipsa
1284 2445 1462 2518 oratione,
1483 2453 1557 2506 ium
1577 2466 1619 2506 ex
1637 2447 1700 2529 iiS,
1722 2471 1799 2530 quae
1816 2453 1860 2515 de

445 2556 550 2633 hujus
573 2555 657 2620 anui
677 2553 777 2611 rebus
797 2564 899 2629 supra
927 2543 1164 2629 exposuimus,
1193 2541 1416 2607 manifestum
1439 2551 1498 2609 est.
1519 2547 1635 2612 Genus
1653 2551 1796 2619 dicendi
1816 2557 1859 2619 ab

446 2655 546 2726 omui
557 2652 708 2718 oratorio
717 2649 797 2713 fuco
808 2650 973 2726 alienum,
982 2657 1016 2712 et
1026 2647 1142 2724 minus
1150 2647 1460 2733 quidempolitum,
1470 2658 1574 2734 atque
1586 2659 1860 2724 ornamentislo-

451 2760 567 2842 cisque
581 2755 822 2821 communibus
830 2752 1049 2835 distinctum,
1060 2756 1121 2816 sed
1134 2752 1330 2839 incitatum,
1343 2754 1531 2842 fervidum,
1552 2780 1647 2845 acre,
1661 2782 1855 2844 nervosum

446 2883 564 2928 sensus
581 2863 686 2925 habet
705 2868 809 2941 atque
823 2859 979 2942 dolores,
997 2878 1234 2940 summamque
1253 2859 1529 2946 contentionem,
1552 2864 1602 2927 ita
1618 2874 1658 2928 ut
1672 2867 1772 2948 quasi
1786 2876 1859 2932 tor·

446 2989 525 3034 rens
554 2968 694 3032 feratur.
723 2971 842 3048 Neque
862 2971 1054 3048 accuratam
1078 2972 1361 3050 argumentorum
1390 2964 1657 3050 dispositionem
1681 2970 1860 3054 inveniam

446 3078 525 3137 Non
545 3074 639 3135 enim
656 3070 850 3134 rationibus
869 3077 972 3152 atque
992 3069 1204 3154 argumentis
1220 3069 1433 3134 adversarios
1453 3079 1645 3157 oppugnat,
1659 3076 1720 3138 sed
1741 3077 1858 3159 potius

448 3197 570 3252 eorum
600 3175 826 3244 stoliditatem
840 3181 957 3256 *atque
982 3173 1177 3237 socordiam
1203 3174 1346 3252 irridet3
1379 3175 1520 3259 ejusque
1546 3177 1744 3264 objurgatio
1772 3182 1853 3265 plus

419 3307 422 3314 ⁴
447 3280 644 3346 acerbitatis
664 3288 698 3344 et
727 3278 915 3345 iracundiae
940 3297 1046 3359 quam
1063 3275 1259 3341 festivitatis
1279 3278 1400 3353 ¹habet.
1432 3283 1554 3362 Itaque
1578 3283 1698 3346 omnia
1713 3285 1755 3348 in
1778 3306 1858 3350 eum
1913 3286 1916 3291 ’

445 3387 652 3454 sententiam
678 3385 780 3469 dicit,
800 3392 840 3447 ut
866 3391 901 3448 et
923 3381 1048 3467 Lepidi
1065 3382 1343 3464 perversitatem,
1364 3391 1399 3448 et
1419 3393 1635 3465 senatorum,
1655 3389 1718 3470 qui
1737 3407 1858 3474 pacem
1973 3435 1979 3450 .

443 3493 651 3572 suadebant,
671 3491 846 3576 ignaviam
869 3485 1069 3574 gravissime
1086 3485 1230 3571 castiget
1247 3493 1350 3568 atque
1371 3487 1541 3573 objurget.
1569 3491 1858 3558 consultoribus-

443 3598 642 3662 auctoribus
659 3597 721 3660 cfr.
747 3600 857 3663 Varro
873 3598 926 3658 De
944 3597 995 3658 Re
1012 3595 1110 3655 Rust.
1130 3595 1161 3654 3.
1181 3611 1217 3669 23
1239 3589 1370 3653 malum
1392 3589 1578 3656 consilium
1598 3593 1787 3660 consultori
1806 3606 1857 3662 est

318 3761 326 3770 .
444 3705 632 3789 pessimum
647 3705 727 3767 Tac.
741 3702 865 3764 Annal.
882 3703 912 3765 6.
933 3721 988 3775 103
1009 3717 1070 3762 sua
1089 3695 1245 3779 exempla
1265 3693 1304 3756 in
1322 3696 1537 3762 consultores
1556 3697 1734 3779 recidunt,
1753 3709 1790 3764 ct
1808 3703 1855 3768 ab

445 3807 504 3872 his
514 3829 606 3893 qnos
619 3815 682 3876 etc.
702 3809 775 3872 haec
793 3825 874 3870 vera
889 3805 1009 3888 lectio,
1023 3821 1128 3884 quam
1148 3808 1182 3864 et
1195 3799 1296 3863 Editt.
1310 3807 1449 3864 vetustae
1468 3808 1503 3865 et
1519 3802 1629 3868 Codd.
1640 3805 1856 3872 confirmant.

402 3903 405 3910 ’
446 3914 581 3976 Gortius
600 3914 656 3977 rel
679 3914 747 3975 hoc
768 3912 848 3974 loco
872 3905 980 3994 praio
1009 3905 1218 3973 emendandi
1240 3905 1355 3970 studio
1387 3907 1565 3992 abreptus,
1592 3909 1638 3974 ab
1665 3906 1722 3975 his
1741 3913 1854 3997 delet,

445 3999 571 4096 quibus
585 4015 700 4077 verbis
716 4015 865 4078 maxima
882 4013 936 4076 vis
958 4013 1164 4077 continetur.
1192 4006 1280 4076 Nisi
1293 4004 1405 4098 forte
1425 4009 1489 4074 cui
1496 4033 1628 4094 pacem
1647 4023 1854 4097 prostare,-

447 4121 492 4188 de
504 4107 675 4182 sententia
685 4117 745 4180 cfr.
759 4117 871 4182 infra:
891 4117 968 4194 ,illi
988 4137 1009 4179 a
1025 4116 1126 4178 vobis
1138 4134 1275 4199 pacem,
1295 4113 1395 4178 vobis
1408 4115 1453 4177 ab
1473 4115 1538 4180 illo
1552 4115 1685 4182 bellum
1698 4122 1855 4204 suadet?

445 4242 625 4318 perperam
645 4224 868 4308 Havercamp.
899 4218 985 4286 huic
1003 4220 1059 4285 rel
1078 4214 1198 4306 eilegi
1212 4219 1321 4298 jubet.
1352 4215 1418 4300 qui
1435 4219 1531 4285 hanc
1550 4221 1692 4307 urbem,
1715 4219 1852 4290 omissa

444 4349 558 4412 pura,
571 4328 700 4420 ¹adhuc
710 4327 838 4420 regitis
847 4365 888 4382 -
902 4329 998 4396 locus
1010 4325 1105 4394 varie
1115 4333 1279 4407 tentatum
1300 4323 1365 4390 alii
1376 4323 1486 4406 enim,
1506 4329 1599 4418 quod
1612 4325 1746 4398 omissa
1760 4350 1853 4395 cura
1910 4363 1917 4374 ι
