4230 5348
1640 434 1710 492 10!

227 614 237 629 ·
309 596 376 665 uis
372 564 524 666 huden
530 593 698 665 Salustius
709 611 899 680 exaequasse
916 596 1122 665 videaur.-
1102 613 1208 677 -.ι4-
1190 601 1292 668 -Ad
1307 597 1478 697 Cyzicum
1492 604 1719 690 porrexit-

302 700 470 788 perrcaeit
480 705 576 769 baud
593 702 700 768 dubie
721 703 924 789 legendum
941 707 986 767 ad
1002 705 1186 773 Lucullum
1199 707 1266 812 hoc
1280 710 1519 793 pertinerevix
1533 723 1597 794 est,
1618 719 1713 798 quod
1753 791 1758 799 ¹

308 793 697 907 dubitcseipsyamyip
698 831 790 893 ησει,
821 804 865 888 cie
884 805 1043 900 ὀλίγων
1022 807 1146 908 apuria
1164 803 1328 911 ἀναιμωτὶ
1356 802 1394 885 ri
1413 817 1534 914 vianna
1551 846 1608 892 ποι
1608 806 1713 917 padri-
1763 799 1793 842 ’“

308 955 374 1001 cuv
390 925 498 1009 αὐτοῖς
517 930 606 994 Plut.
626 929 707 992 Luc.
729 949 757 992 c.
780 948 810 1008 9.
829 928 943 993 initio.
971 927 1072 1002 it.-
1095 933 1150 998 Ut
1169 929 1350 998 sustinere
1375 939 1712 1024 corporaplerique
1798 961 1806 972 ·

307 1042 542 1118 nequeuntes,
563 1033 672 1118 (fessi)
693 1055 801 1098 ormo
818 1055 887 1098 suc
908 1029 1065 1120 quiaque
1078 1035 1183 1103 stans
1204 1034 1439 1106 incumberet.
1458 1045 1726 1109 Frontinive10'

306 1141 363 1204 bis
373 1139 576 1226 comparatis
590 1139 649 1204 cfr.
657 1159 761 1226 supra
770 1163 805 1225 p.
816 1143 864 1203 16.
876 1140 1131 1227 verisimilefit,
1146 1145 1220 1210 haec
1232 1147 1279 1207 ad
1288 1149 1624 1232 pugnantaMetello
1635 1170 1714 1214 cum

306 1245 481 1325 Hirtulcjo
500 1248 592 1332 haud
605 1247 727 1332 procul
738 1248 824 1311 urbe
838 1246 958 1311 Italica
968 1251 1183 1312 commissam
1197 1251 1381 1334 pertinere.
1401 1259 1521 1336 Neque
1537 1255 1622 1318 huic
1631 1277 1714 1320 con·

301 1351 443 1430 iectura
462 1352 674 1416 contrarium
695 1373 767 1418 csse
788 1355 940 1441 videtur,
962 1360 1057 1440 quod
1073 1358 1171 1421 aliud
1189 1359 1419 1445 fragmentum
1443 1381 1465 1424 a
1483 1360 1714 1447 grammaticis

307 1456 441 1521 elibro
457 1461 608 1522 secundo
627 1459 805 1524 laudatum
822 1463 867 1522 ad
885 1464 1030 1526 eandem
1047 1483 1198 1548 pugnam
1216 1463 1373 1529 refertur.
1401 1466 1472 1550 Qui
1489 1466 1583 1530 enim
1603 1484 1717 1548 nuper
1839 1441 1841 1446 ¹

305 1560 372 1624 hac
392 1563 436 1626 de
454 1581 493 1626 re
508 1561 713 1648 disputavit,
732 1568 773 1631 V
787 1568 829 1627 D.
848 1563 1013 1651 Kritaius,
1032 1567 1216 1650 virumque
1233 1572 1276 1634 de
1293 1569 1493 1634 Salustianis
1513 1570 1716 1655 fragmentis

307 1666 438 1749 optimc
458 1669 633 1746 meritum,
660 1666 880 1735 acerbissima
896 1672 1060 1738 laceravit
1075 1658 1348 1759 vituperatione,
1368 1696 1449 1739 eum
1464 1677 1638 1740 monitum
1658 1693 1716 1738 ve·

305 1770 391 1855 lim,
409 1792 469 1858 ne,
489 1776 573 1837 dum
593 1777 813 1841 Debrossium
826 1777 1133 1844 inconsiderantia
1151 1787 1185 1845 et
1202 1781 1405 1846 temeritatis
1425 1781 1653 1864 insimulet,
1642 1798 1717 1865 rpse
1767 1861 1774 1876 κ

304 1876 602 1948 inconsideranter
634 1891 730 1968 agat,
761 1885 1130 1968 grammaticorumque
1163 1885 1361 1948 auctoritati
1388 1886 1539 1949 nimium
1565 1887 1714 1961 tribuat,

307 1983 436 2068 quippe
453 1986 517 2066 qui
532 2007 605 2051 non
622 1987 728 2052 modo
749 1986 788 2049 in
805 1987 889 2069 ipsis
906 1988 1022 2051 verbis
1035 1988 1219 2052 laudandis
1234 2008 1357 2071 parum
1373 1990 1558 2075 diligentes
1575 2009 1611 2054 se
1627 2009 1718 2073 prae·

304 2085 426 2162 beant,
457 2093 519 2151 sed
546 2091 650 2152 etiam
679 2089 853 2154 librorum
876 2111 1037 2155 numeros
1066 2093 1253 2172 sepissime
1282 2093 1507 2153 confundant.
1541 2097 1638 2150 -26.·
1657 2093 1717 2154 Ac

304 2187 434 2252 statim
446 2185 614 2280 fitgitici.
634 2194 678 2254 ad
702 2193 826 2256 urbem
846 2192 1001 2272 aliquam
1024 2212 1045 2254 a
1067 2191 1173 2254 servis
1194 2191 1265 2256 sire
1294 2193 1546 2276 gladiatoribus
1581 2199 1715 2276 captam

304 2301 396 2360 recte
415 2296 484 2361 hoc
499 2294 648 2375 referas3
667 2295 873 2360 Debrossius
891 2282 1325 2383 Metapontum'intelligit.
1345 2297 1413 2358 Sed
1427 2318 1506 2361 cum
1526 2297 1612 2360 alias
1627 2317 1723 2378 quoe.

305 2419 374 2480 que
389 2398 543 2482 urbes,
532 2420 571 2460 ιιι
582 2397 957 2478 Campaniainprimis,
977 2408 1010 2459 ct
1022 2395 1172 2464 Thurios
1187 2401 1475 2485 expugnaverint,
1493 2404 1567 2468 haec
1584 2402 1660 2481 conj
1665 2421 1717 2467 ec·
1722 2458 1726 2466 .

303 2512 383 2568 tura
403 2505 591 2570 admodum
615 2500 746 2564 incerta
767 2506 876 2562 est·
859 2515 960 2578 ·27.-
942 2493 1124 2577 -Quibris
1148 2520 1172 2561 α
1194 2498 1371 2564 Sertorio.
1396 2513 1515 2566 nostro
1535 2507 1614 2570 loco
1639 2530 1717 2571 cum

305 2609 612 2674 Frontin.a.5..31
635 2603 842 2687 collat05V.
863 2622 967 2687 supra
983 2623 1061 2690 pag.
1052 2606 1124 2666 ..ι5
1144 2604 1247 2669 facile
1265 2604 1470 2690 credideris,
1484 2607 1630 2673 insidias
1644 2615 1717 2677 Lae·

305 2715 375 2793 lio,
396 2713 555 2797 Pompeji
568 2713 683 2798 legato
704 2729 778 2774 non
796 2707 919 2792 procul
935 2707 1094 2802 Laurone
1109 2709 1197 2771 urbe
1214 2709 1358 2793 positas,
1380 2709 1438 2774 his
1456 2712 1571 2776 verbis
1583 2713 1718 2800 signifi·
1778 2779 1783 2786 ,

305 2819 387 2882 cari.
406 2820 474 2882 Sed
490 2821 563 2881 haec
582 2816 683 2880 tertIo
699 2814 792 2876 libro
812 2811 967 2878 enarrari
989 2810 1047 2875 vix
1063 2819 1238 2897 poterant,
1260 2833 1339 2876 cum
1361 2815 1477 2897 primo
1492 2819 1608 2880 statim
1621 2840 1715 2884 anno

231 2925 242 2932 '
305 2923 393 2987 belli
414 2943 493 2986 cum
508 2921 673 3006 Pompcjo
703 2920 792 3007 gesti
817 2917 1016 2983 acciderint.
1053 2916 1166 3001 Igitur
1187 2923 1247 2982 aut
1258 2915 1352 2979 ”libri
1377 2939 1540 2984 numerus
1567 2942 1589 2985 a
1607 2923 1717 2988 libra-

301 3028 369 3092 riis
385 3036 554 3109 mutatus,
575 3035 634 3088 aut
657 3027 731 3109 ipse
744 3024 888 3087 ‘Servius
915 3043 994 3088 eum
1006 3021 1229 3108 'negligenter
1249 3023 1442 3114 exscripsit3
1464 3029 1560 3106 quod
1574 3047 1615 3091 eo
1633 3050 1715 3112 pro-
1834 3013 1835 3016 ¹

252 3136 258 3146 '
306 3133 477 3215 habilius,
499 3133 593 3213 quod
614 3131 750 3194 duobus
766 3128 853 3192 locis
869 3129 932 3191 ubi
949 3131 1023 3194 haec
1042 3129 1246 3211 laudantur,
1266 3129 1352 3192 libri
1369 3150 1533 3194 numerus
1552 3152 1597 3196 ne
1618 3133 1719 3196 addi·

307 3247 361 3302 tus
374 3239 516 3320 quidem
533 3238 588 3298 sit.
617 3229 703 3298 Nam
713 3242 837 3318 praeter
846 3253 999 3318 pugnam
1016 3237 1108 3318 apud
1118 3235 1269 3316 Ilerdam
1281 3235 1393 3298 multo
1407 3242 1487 3301 ante
1501 3238 1718 3306 commissam

307 3341 399 3414 nihil
422 3343 466 3406 de
488 3339 632 3404 Sertorii
649 3342 752 3403 rebus
771 3345 922 3412 constat,
941 3357 1011 3418 quo
1029 3339 1104 3402 haec
1125 3341 1305 3403 commode
1324 3339 1526 3405 referantur.
1548 3346 1716 3410 caeterum

308 3467 349 3510 ex
364 3449 488 3510 eodem
503 3443 663 3508 Frontini
675 3444 754 3508 loco
762 3489 772 3522 ,
787 3457 850 3529 pro
855 3440 967 3534 forte
980 3447 1076 3525 quod
1089 3445 1348 3529 exprimendum
1361 3447 1568 3530 curavimus,
1578 3444 1716 3536 fronte

194 3589 200 3596 -
307 3551 494 3637 legendum
520 3569 592 3614 esse
611 3549 758 3614 videtur.
777 3585 796 3600 -
808 3553 857 3614 28.
869 3586 885 3600 -
905 3551 1043 3638 Ingens
1057 3545 1132 3633 ipse
1154 3546 1292 3619 virium.
1314 3555 1387 3616 haec
1405 3555 1509 3614 Debr.
1524 3552 1715 3620 ad'librum

308 3661 497 3723 secundum
512 3669 545 3722 et
562 3657 706 3738 quidem
722 3662 766 3721 ad
779 3657 923 3722 Sertorii
945 3657 1101 3722 indolem
1121 3657 1381 3722 describendam
1394 3653 1567 3743 pertinere
1587 3659 1715 3722 statuit.

308 3763 376 3826 Sed
397 3783 475 3825 cum
496 3763 664 3828 Salustius
683 3764 778 3826 haud
797 3763 903 3828 dubie
924 3763 1038 3850 primo
1059 3762 1153 3825 libro
1177 3765 1221 3827 de
1241 3764 1388 3828 Sertorii
1407 3763 1591 3827 virtutibus
1611 3783 1717 3847 expo-

309 3861 433 3951 suerit,
453 3875 637 3949 utrumque
653 3868 778 3931 falsum
787 3867 866 3946 jure
887 3867 1024 3932 dixeris.
1041 3868 1185 3932 laudant
1200 3869 1305 3948 hujus
1325 3868 1502 3934 sententiae
1521 3867 1719 3936 defensores

308 3972 384 4038 Val.
406 3973 494 4035 Max.
517 3997 546 4056 7.
565 3978 594 4036 3.
620 3975 657 4035 6:
677 3973 868 4048 ..Sertorius
888 3982 971 4037 vero
994 3973 1149 4059 corporis
1169 3975 1295 4037 robore
1319 3980 1422 4054 atque
1435 3974 1549 4036 animi
1560 3975 1713 4039 consilio
1797 4021 1807 4040 .

309 4095 426 4158 parem
450 4063 580 4142 naturae
612 4077 864 4162 indulgentiam
887 4085 1076 4162 expertus?>
1102 4077 1170 4142 Sed
1192 4079 1266 4140 haec
1292 4076 1513 4141 alienarunt.
1540 4085 1641 4148 -3o.-
1659 4081 1716 4146 Ac

313 4179 463 4265 Oppius.
482 4182 634 4265 pertinet
654 4185 721 4248 hoc
745 4183 790 4244 ad
814 4181 1016 4245 inimicitias
1046 4182 1138 4244 inter
1157 4181 1291 4242 Cottam
1313 4182 1555 4263 proconsulem
1575 4184 1715 4264 ejusque
1750 4258 1754 4276 Ι

270 4287 280 4297 “
313 4293 515 4366 quaestorem
523 4289 824 4376 Oppium‘excrtas‚
838 4287 1014 4370 dequibus
1022 4285 1103 4355 vide
1115 4283 1280 4368 ap.Dicn.
1293 4285 1382 4363 Cass.
1392 4288 1442 4351 ³6.
1451 4293 1502 4352 ιδ.
1515 4287 1585 4354 Cic.
1592 4287 1712 4373 fragm.
