4230 5348
356 510 405 602 98

356 718 464 786 parva
491 703 646 764 mercede
671 696 794 783 papuli
819 696 929 761 levari
955 695 1109 760 miserias
1126 713 1228 780 posse
1246 693 1461 790 judicabant.
1492 689 1613 777 quinis
1633 691 1766 761 modiis
1866 691 1871 702 ’

308 872 311 880 ,
356 803 561 870 libertatem
577 800 1001 883 omniumastumavere.
1020 805 1093 868 haec
1110 800 1410 880 invidiosedicta3
1431 801 1566 885 nobiles
1591 801 1686 865 enim
1705 821 1762 865 ac-

359 920 465 994 cusat,
486 910 688 998 largitionis·
704 928 838 972 causam
866 930 938 974 non
959 899 1236 992 misericordiam
1251 911 1311 973 sed
1333 907 1539 991 dominandi
1552 899 1765 992 *cupidinem

355 1016 478 1097 fuisse,
499 1015 628 1099 quippe
648 1002 723 1097 qua
736 1035 853 1087 curam
870 1015 1041 1079 libertatis
1065 1015 1103 1078 in
1123 1014 1236 1099 plebIs
1255 1012 1382 1076 animis
1401 1013 1667 1100 exstinguerent.
1688 1032 1766 1078 non
1804 1035 1808 1044 ·

357 1117 514 1203 amplius
528 1131 686 1204 possunt
701 1121 722 1183 i.
743 1141 772 1184 e.
793 1122 924 1200 valent3
945 1122 1056 1184 Plaut.
1077 1120 1171 1184 Asin.
1186 1125 1215 1185 3.
1238 1126 1267 1184 3.
1282 1121 1338 1199 46:
1363 1119 1498 1186 Videtis
1516 1120 1643 1205 viginti
1661 1119 1765 1183 mina

354 1225 441 1306 quid
453 1227 607 1310 pollent,
629 1227 756 1309 quidve
772 1235 926 1311 possunt.
957 1231 1051 1292 dere
1065 1225 1125 1290 cfr.
1148 1225 1256 1312 supra·
1270 1246 1348 1312 pag.
1369 1227 1418 1306 57.
1440 1223 1644 1314 exiguitate
1665 1245 1766 1290 mors

349 1329 586 1417 prohibetur,
615 1330 929 1398 senescuntnires.
961 1337 1106 1398 candem
1127 1327 1200 1397 fere
1230 1333 1435 1398 sententiam
1456 1333 1680 1416 Symmachus
1704 1333 1765 1415 Ep.

257 1525 263 1546 .
360 1459 385 1496 1.
406 1441 454 1498 23.
482 1441 663 1522 expressit:
684 1441 798 1534 parvis
817 1440 1037 1528 nutrimentis
1056 1439 1211 1519 quamvis
1231 1459 1252 1502 a
1272 1445 1383 1502 morte
1408 1436 1643 1520 defendimur,
1674 1434 1767 1498 nihil

261 1575 263 1580 ,
344 1546 470 1604 tamen
479 1547 524 1605 ad
535 1545 710 1608 robustam
717 1545 951 1610 valetudinem
964 1533 1218 1628 promovemur.
1241 1567 1316 1627 quae
1327 1564 1368 1609 cx
1380 1546 1611 1610 Demosthene
1621 1542 1768 1634 Olynth.

354 1647 384 1706 3.
401 1667 438 1708 s.
472 1649 532 1710 fin.
556 1653 690 1714 hausta:
732 1633 759 1720 ii
785 1646 849 1731 τοῖς
877 1637 1191 1746 detractaverat*
1217 1651 1279 1724 ‘tait
1308 1648 1423 1746 ῐοοτρῶι
1461 1648 1570 1729 σιτίοις
1597 1629 1772 1746 δεδομένοις

351 1745 442 1837 iotae·
459 1767 519 1839 aa>
538 1758 609 1864 γοὲρ
629 1753 698 1864 cire
717 1757 816 1859 ἰοχδι
836 1768 942 1844 ἐκεῖνοι
960 1763 1134 1858 ἐντιθησι,
1155 1753 1521 1872 cirasiaaSlirueue’ii·
1534 1784 1635 1849 aliter
1650 1773 1768 1842 deali-

355 1885 487 1953 mentis
509 1875 670 1955 carceris
694 1892 829 1970 judicat
851 1895 980 1964 Seneca
1011 1896 1096 1978 Epp.
1127 1896 1247 1961 XVIII.
1270 1914 1374 1976 quem
1398 1893 1489 1960 vide.
1513 1899 1663 1956 ceterum
1682 1902 1768 1946 *cum

354 1987 478 2077 ignati
498 1991 564 2077 qui
575 2017 688 2077 usque
704 1995 1249 2087 tenuissimasperfrusti‘antur
1261 2000 1300 2062 in
1310 2000 1478 2067 Vaticano
1493 1997 1558 2080 sit,
1577 1991 1768 2057 videndum

354 2111 439 2153 num
462 2103 718 2160 emendandum
738 2101 802 2161 sit:
830 2110 865 2161 et
883 2099 1008 2186 ignavi
1028 2101 1205 2187 cujusque
1224 2100 1456 2167 tenuissimas
1478 2121 1558 2184 spes
1567 2094 1769 2186 frustrare·
1851 2153 1866 2174 .

341 2205 421 2287 ⁴tur
437 2196 487 2261 ita
502 2208 541 2263 ut
541 2197 791 2288 frustrantur
806 2206 853 2265 ad
871 2204 1008 2270 nobiles
1021 2206 1207 2285 referatur3
1225 2225 1303 2287 quae
1326 2207 1469 2286 quidem
1491 2201 1687 2281 conjectura
1704 2197 1770 2261 mi·

355 2302 451 2386 nime
472 2326 492 2366 a
513 2309 620 2370 ductu
642 2295 823 2371 literarum
847 2308 988 2372 recedit.
1018 2310 1215 2374 Gronovius
1232 2307 1456 2404 frustratur
1485 2307 1557 2394 legi
1580 2303 1700 2390 jussit,
1721 2304 1770 2367 ita
1878 2349 1881 2356 0

356 2417 395 2470 ut
420 2409 611 2488 subjectum
640 2414 684 2476 sit
704 2434 821 2495 parva
849 2435 918 2474 res.
958 2415 1025 2479 Sed
1053 2424 1146 2477 recte
1169 2416 1306 2476 Cortius
1331 2414 1486 2492 monuit,
1516 2415 1560 2473 ad
1582 2409 1770 2496 elegantias
1863 2463 1867 2470 ,

357 2515 523 2579 orationis
546 2518 746 2580 Salustianae
777 2514 971 2599 pertinere,
1000 2513 1169 2591 subjecta,
1199 2533 1275 2594 quan
1303 2512 1437 2596 dicant,
1464 2520 1616 2593 mutare;
1643 2513 1769 2578 dictio·
1877 2539 1880 2547 ι

290 2640 296 2646 ·
355 2640 435 2682 nem
461 2618 566 2682 tenui
582 2641 644 2702 spe
665 2612 759 2684 idem
779 2621 971 2684 commodis
995 2617 1211 2684 confirmavit
1233 2611 1408 2701 exemplis
1421 2618 1481 2682 cfr.
1502 2619 1572 2687 Cic.
1587 2638 1653 2703 pro
1667 2623 1767 2682 Rosa.

356 2726 450 2785 Com.
474 2745 502 2786 c.
528 2744 575 2802 14.
603 2727 677 2789 Liv.
697 2728 746 2788 25.
770 2727 819 2788 28.
857 2729 997 2788 sensum
1026 2727 1121 2805 quod
1149 2723 1285 2799 attinet,
1313 2723 1449 2790 Cortius
1470 2727 1564 2787 hunc
1582 2725 1700 2787 locum
1718 2723 1770 2810 ita

356 2829 517 2910 explicat:
547 2830 793 2912 «decipiuntur
819 2831 959 2910 quando
990 2835 1146 2912 sperant,
1167 2828 1285 2909 quinis
1304 2829 1361 2891 his
1385 2829 1513 2892 modiis
1540 2845 1640 2915 posse
1663 2847 1767 2910 seque

270 3015 272 3022 .
353 2949 501 3014 suosque
519 2942 739 2999 sustentare.»
758 2935 825 2998 Sed
852 2932 1078 3018 frauspotius
1098 2935 1137 2997 in
1156 2953 1197 2998 eo
1219 2941 1291 2998 erat
1312 2923 1440 3016 posita,
1460 2936 1556 3014 quod
1575 2935 1642 2997 hac
1662 2952 1768 3016 parva

259 3108 262 3113 ,
296 3115 298 3122 χ
356 3042 512 3101 mercede
541 3040 680 3118 majoris
706 3040 841 3124 praemii
868 3029 943 3125 spes
969 3037 1012 3102 iis
1034 3048 1151 3124 erepta
1175 3047 1242 3119 est3
1264 3038 1436 3122 explicant
1463 3037 1658 3120 sequentia:
1686 3059 1767 3120 quae

354 3149 477 3203 tamea
497 3142 658 3222 quamvis
675 3149 817 3230 ampla,
840 3139 1013 3230 quoniam
1028 3140 1168 3208 servitii
1175 3141 1336 3226 pretium
1351 3149 1621 3225 ostentaretur,
1642 3152 1768 3206 notan·

357 3247 441 3306 dum
466 3237 515 3307 est
533 3244 706 3327 quoniam
727 3272 805 3312 cum
823 3249 1042 3329 conjunctivo
1061 3257 1310 3332 constructum,
1330 3247 1426 3324 cujus
1441 3267 1522 3311 usus
1538 3250 1694 3332 exempla
1712 3270 1767 3314 ra·
1791 3279 1793 3292 ι

356 3348 502 3411 rissima.
530 3349 590 3412 cfr.
606 3353 691 3434 Nep.
709 3353 857 3416 Miltiad.
874 3378 903 3436 7.
934 3355 1003 3418 Cic.
1024 3357 1124 3418 Tusc.
1148 3347 1245 3438 Disp.
1272 3378 1299 3418 1.
1326 3376 1371 3416 ιο.
1393 3354 1460 3418 Sed
1478 3350 1517 3418 b.
1544 3355 1569 3418 l.
1595 3356 1765 3434 conjunct.

356 3453 526 3538 sequitur,
560 3457 656 3537 quod
691 3458 888 3540 propositio
917 3459 1166 3524 conditionalis
1197 3463 1393 3552 est.1,ultro
1424 3456 1570 3550 injuria
1600 3458 1767 3548 gratiam

359 3560 493 3623 debere.
528 3562 571 3642 de
607 3561 709 3624 ultro
743 3561 823 3625 vide
858 3584 960 3649 supra
992 3569 1052 3650 Ep.
1086 3567 1222 3649 Pomp:
1260 3567 1361 3629 ultro
1393 3561 1499 3629 nobis
1533 3561 1706 3647 sumptui.
1729 3603 1766 3619 -

358 3661 500 3754 injuria
514 3661 691 3749 additum,
712 3675 751 3728 ut
762 3667 934 3746 judicium
956 3675 999 3735 de
1013 3676 1078 3737 hac
1088 3670 1218 3757 agendi
1235 3669 1370 3755 ratione
1380 3670 1634 3754 interponeret3
1655 3669 1776 3751 neque
1851 3669 1855 3675 ’

359 3777 447 3852 erat,
467 3772 561 3851 quod
572 3768 720 3856 interpp.
742 3773 810 3836 hod
823 3776 948 3839 inloco
960 3772 1197 3860 offenderent,
1221 3798 1300 3840 cum
1312 3779 1386 3842 haec
1399 3776 1540 3841 dicendi
1552 3774 1641 3838 ratio
1663 3794 1767 3859 quam

358 3877 506 3938 maxime
522 3877 715 3972 Salustiana
731 3878 785 3942 sit.
806 3880 865 3946 cfr.
881 3883 978 3946 Catil.
999 3905 1026 3945 c.
1042 3906 1078 3964 7:
1093 3884 1157 3958 ..in
1177 3884 1310 3968 castris,
1329 3903 1393 3966 per
1410 3883 1584 3966 laborem,
1605 3901 1679 3946 usu.
1701 3883 1768 3952 mi-

359 3979 472 4042 litiam
492 3977 697 4046 discebant.»
714 3981 887 4073 gratiam
916 3987 1041 4051 debere
1058 3989 1080 4050 i.
1103 4007 1131 4051 e.
1147 4009 1227 4053 non
1244 3979 1354 4052 solum
1374 3988 1520 4073 gratiam
1540 3987 1686 4070 habere,
1707 3989 1767 4049 sed

359 4085 463 4152 etiam
485 4084 591 4151 alicui
611 4096 754 4170 propter
769 4090 923 4173 aliquam
952 4111 1026 4154 rem
1043 4100 1207 4172 tanquam
1229 4092 1400 4178 beneficio
1425 4109 1461 4154 se
1485 4089 1677 4174 obligatum
1694 4108 1766 4154 esse
1790 4129 1793 4132 ,

358 4199 489 4275 putare.
511 4189 570 4252 cfr.
602 4192 669 4254 Cic.¹
698 4193 788 4256 Phil.
815 4211 844 4256 a.
872 4217 900 4258 c.
918 4217 969 4263 rr.
995 4187 1268 4296 alterum'igitur
1294 4204 1346 4263 est
1370 4194 1491 4280 officii,
1510 4195 1658 4275 alterum
1676 4193 1765 4279 grati

360 4295 480 4359 animi.
498 4297 617 4359 Totius
634 4298 705 4360 loci
727 4319 843 4380 sensus
862 4305 935 4364 esti
968 4303 1038 4366 Vos
1059 4321 1131 4364 non
1150 4305 1257 4388 modo
1275 4323 1329 4367 res
1346 4311 1472 4367 vestras
1495 4299 1667 4384 repetitis,
1689 4301 1764 4384 sed,
1840 4347 1842 4352 .

309 4473 319 4478 ‚
359 4405 454 4480 quod
473 4401 774 4488 indignIssimum,
797 4407 885 4502 adeo
906 4405 1051 4490 gratiam
1066 4405 1139 4470 illis
1156 4406 1309 4482 habetis;
1331 4429 1410 4472 cum
1435 4408 1549 4493 ipsum
1564 4406 1663 4478 illud
1689 4405 1761 4468 fru-
