4582 5340
565 482 614 600 5'0

558 720 636 800 jum
654 718 821 780 erenum
840 709 891 772 Ex
921 723 992 789 quo
1013 702 1156 786 quidem
1174 703 1253 768 loeo
1273 700 1438 788 colligere
1462 703 1558 789 lieet,
1582 710 1663 772 ante
1679 708 1775 774 hune
1801 715 1892 774 certe
1910 729 1974 775 an·

564 842 650 886 num
663 817 851 884 Salustium
870 811 1032 878 historias
1053 807 1203 873 seribere
1223 826 1298 872 non
1323 829 1396 874 esse
1416 829 1628 896 aggressum,
1650 816 1711 878 sed
1731 815 1872 881 aliunde
1894 817 1977 882 satis

564 935 714 1009 conant,
734 919 877 986 nonnisi
903 922 981 1002 post
1009 915 1152 980 Caesaris
1175 923 1322 981 mortem
1354 919 1401 979 ed
1429 917 1583 986 historiae
1611 920 1802 990 scribendae
1823 924 1978 988 studium

563 1032 750 1096 Salustium
769 1045 806 1092 se
826 1023 1021 1091 contulisse.
1042 1044 1145 1087 mare
1163 1029 1333 1090 nostrum
1363 1023 1425 1088 cfr.
1444 1027 1525 1112 lug.
1546 1047 1594 1108 17.
1625 1027 1798 1094 Oceanus
1822 1038 1861 1092 ut
1882 1033 1976 1113 apud

562 1135 669 1202 Tacit.
684 1137 797 1198 Germ.
816 1149 845 1196 a.
862 1139 896 1196 et
910 1135 982 1214 43,
1001 1128 1106 1194 etiam
1118 1149 1231 1204 mare,
1255 1131 1351 1210 quod
1374 1133 1419 1198 ad
1431 1132 1701 1216 septentrionem
1718 1141 1864 1217 spectat,
1884 1154 1980 1198 eom·

563 1241 736 1328 plectitur.
753 1238 816 1308 eir.
834 1238 903 1306 cic.
914 1235 1128 1321 Sammscip.
1141 1257 1169 1304 c.
1183 1239 1213 1299 6.
1233 1227 1363 1300 inviae
1374 1233 1590 1323 paludibus,
1608 1239 1809 1325 praepositio
1824 1258 1862 1324 a,
1874 1261 1979 1322 quam

513 1365 520 1376 ·
563 1347 728 1419 nonnulli
747 1345 803 1410 vel
828 1349 1073 1430 corruperunt,
1094 1343 1150 1406 vel
1167 1341 1357 1428 ejecerunt,
1378 1343 1504 1427 optimi
1527 1345 1692 1428 cujusque
1712 1343 1889 1432 scriptoris
1913 1365 1978 1409 usu

563 1455 645 1518 satis
672 1454 907 1538 comprobata.
931 1451 995 1514 cfr.
1017 1453 1163 1534 Jug.31.
1182 1446 1302 1510 initio:
1322 1450 1459 1514 animus
1477 1451 1521 1513 ab
1541 1451 1681 1538 ignavia
1700 1459 1889 1536 corruptus.
1911 1451 1981 1516 cic.
2056 1510 2063 1523 ,

564 1561 668 1622 dead.
683 1579 760 1638 1.7;
774 1557 865 1618 nihil
879 1564 929 1620 eat
938 1555 1032 1617 enim
1043 1551 1257 1638 potentius,a
1266 1574 1335 1633 quo
1345 1553 1501 1623 intereat.
1510 1558 1584 1620 Liv.
1597 1580 1625 1620 a.
1635 1560 1685 1620 65.
1694 1578 1712 1618 a
1722 1577 1838 1645 pugna
1846 1555 1981 1620 infelici

567 1661 900 1744 oecideruntanimi,
917 1659 979 1724 eir.
988 1660 1080 1724 idem
1090 1680 1121 1740 7.
1134 1679 1185 1737 10,-
1209 1660 1287 1738 6.2;
1311 1679 1340 1738 9.
1350 1674 1381 1734 4.
1401 1660 1651 1724 Drakenborch
1663 1663 1708 1722 ad
1718 1663 1796 1735 5.6;
1817 1663 1908 1724 etad
1917 1661 1980 1740 Sil.
2022 1710 2030 1723 .

566 1767 733 1829 italien.
744 1764 1374 1851 246.Pierson.adVirgil.Aen.&5483
1389 1773 1422 1830 et
1432 1769 1523 1828 Cort.
1531 1769 1575 1828 ad
1582 1769 1708 1834 Lucan.
1714 1767 1901 1841 Pharsali..
1911 1767 1980 1844 1083

568 1873 686 1952 4.153;
702 1874 789 1936 atii.
800 1880 833 1938 et
843 1877 921 1954 4933
932 1873 1027 1938 idem
1041 1881 1091 1938 est
1102 1891 1182 1936 usus
1189 1873 1315 1938 Graecae
1323 1871 1501 1958 particula
1513 1867 1644 1942 interr.
1656 1869 1978 1956 Aeschyl.Supplio.
2057 1944 2060 1951 ¹

571 1979 646 2055 2183
669 1985 702 2042 et
718 1979 861 2046 Mathia
876 1981 935 2044 Gr.
946 1982 1004 2043 Gr.
1015 1989 1040 2050 S.
1053 1997 1124 2058 401.
1144 1981 1244 2042 Anm.
1260 1999 1290 2043 a.
1304 1975 1452 2063 optimis
1464 1978 1627 2044 moribus
1639 1978 1699 2042 cir.
1709 1979 1786 2064 Jug.
1800 1993 1851 2052 41.
1865 1971 1981 2041 initio.

569 2081 651 2145 ·8.·
670 2083 725 2150 At
735 2081 920 2152 discordia
932 2095 968 2152 et
976 2083 1137 2152 avaritia
1152 2093 1265 2170 etque
1272 2080 1426 2150 ambitio
1449 2078 1619 2149 cineatil.
1631 2105 1678 2146 ro.
1689 2075 1856 2146 secundis
1872 2077 1981 2144 rebus

571 2179 671 2250 oriri
686 2194 793 2250 sueta
811 2191 924 2252 mele.
945 2193 1005 2254 cir.
1025 2197 1108 2254 Cato
1129 2196 1222 2275 apud
1244 2193 1334 2256 Geli.
1354 2196 1394 2256 N.
1413 2193 1452 2256 A.
1475 2211 1504 2272 7.
1527 2197 1567 2269 33
1588 2195 1705 2252 metus
1728 2207 1752 2248 a
1778 2177 1983 2266 Tarquinio

570 2287 631 2352 cir.
651 2289 724 2356 Liv.
742 2296 792 2360 33.
809 2309 864 2375 2⁰3
887 2297 1004 2361 demto
1023 2305 1118 2363 metu
1140 2314 1161 2357 a
1179 2295 1345 2380 Philippo
1366 2294 1481 2374 omni;
1512 2295 1590 2358 Ter.
1610 2290 1767 2355 Eunueh.
1784 2293 1815 2352 3.
1826 2289 1856 2352 3.
1876 2285 1986 2374 gratia

572 2395 615 2460 ab
639 2417 698 2476 eo,·
713 2397 777 2462 uhi
796 2401 877 2465 vide
891 2405 1077 2466 Donatum.
1097 2398 1248 2460 Salustio
1268 2398 1430 2460 usitatior
1450 2396 1632 2454 Genitivus
1651 2393 1794 2473 objecti,
1814 2392 1923 2471 quem'
1933 2389 1985 2458 di·

566 2513 671 2588 eunt,
692 2503 752 2568 cir.
767 2504 860 2564 inira
879 2505 966 2580 frag.
984 2515 1031 2558 ιι.
1053 2499 1171 2554 metus
1188 2485 1361 2578 Pompeji
1371 2486 1591 2570 -positum
1608 2498 1674 2550 est.
1693 2489 1754 2552 cfr.
1762 2493 1823 2553 Sil.
1836 2495 1985 2572 Italiae.

571 2612 644 2686 397.
663 2617 794 2685 ponere
807 2596 950 2683 proelia3
966 2617 1108 2679 ponere
1124 2591 1319 2658 innumeris
1333 2589 1420 2655 loeis
1435 2609 1500 2677 pro
1519 2591 1712 2678 deponere,
1733 2594 1793 2658 eir.
1814 2596 1887 2660 Liv.
1904 2621 1934 2680 9.
1949 2621 1985 2681 73

573 2727 603 2786 7.
622 2708 678 2780 16,
705 2707 758 2763 33.
775 2703 809 2779 83
842 2723 870 2762 1.
887 2705 946 2780 ⁵33
980 2721 1084 2780 1.19;
1116 2725 1145 2783 7.
1168 2705 1227 2777 ³²3
1256 2697 1427 2762 hocloco
1452 2697 1597 2762 verbum
1622 2695 1770 2784 simplex
1798 2703 1986 2768 admodum
2077 2751 2080 2756 ,

572 2804 798 2892 concinnum,
830 2827 908 2870 cum
928 2812 1059 2869 metum
1082 2807 1276 2888 deponere,
1305 2803 1439 2868 bellum
1467 2823 1674 2890 componere
1704 2807 1811 2891 vulgo
1839 2808 1985 2878 dicatur.

562 2912 706 2999 plebem
724 2933 900 2977 exercere.
919 2914 998 2974 Tae.
1019 2910 1133 2997 Agric.
1149 2913 1206 2990 39,
1228 2909 1319 2974 curis
1340 2911 1517 2974 exercitus.
1538 2895 1639 2976 idssi.
1651 2911 1829 2976 Britannia
1851 2901 1982 2978 exerci-

468 3057 470 3064 ,
571 3021 691 3098 tatior;
712 3015 815 3104 regio
834 3037 952 3100 more,
973 3017 998 3080 i.
1013 3035 1043 3081 e.
1062 3026 1290 3101 tyrannorum
1311 3036 1429 3094 moret
1450 3016 1511 3081 cfr.
1529 3019 1607 3082 Tac.
1632 3017 1757 3080 Annal.
1783 3021 1865 3098 6.1;
1887 3037 1985 3084 more

571 3124 670 3208 regio
687 3122 817 3206 puhem
840 3121 1028 3206 ingenuam
1055 3122 1183 3206 stupris
1208 3121 1379 3206 polluere,
1401 3124 1490 3187 Hist.
1516 3141 1545 3186 a.
1567 3143 1616 3206 70.
1634 3125 1770 3210 regium
1791 3125 1829 3188 in
1852 3143 1985 3188 morem
2037 3121 2043 3148 ¹

572 3224 836 3292 Annal.1*6.2'!.
864 3227 955 3292 Plin.
977 3231 1145 3314 Panegyr.
1168 3249 1198 3308 7.
1221 3230 1410 3313 superbum
1440 3230 1532 3294 illud
1564 3238 1599 3295 et
1622 3233 1757 3318 regium
1790 3237 1851 3296 esi.
1884 3232 1985 3295 ovid.

572 3335 659 3398 Fert.
677 3335 707 3397 6.
732 3335 811 3414 5955
837 3333 933 3419 regia
953 3353 1007 3398 res
1028 3337 1139 3399 scelus
1160 3344 1229 3420 est,
1253 3357 1346 3425 agro
1357 3339 1496 3419 pellere
1511 3336 1574 3401 eir.
1597 3340 1675 3422 lug.
1694 3359 1721 3400 e.
1743 3351 1794 3412 41.
1821 3329 1987 3419 servitiis,

570 3438 718 3523 pluralis
729 3441 921 3506 Salustiano
938 3431 1018 3506 stilo
1031 3441 1238 3506 conveniens
1247 3465 1257 3520 3
1276 3440 1337 3504 cir.
1348 3445 1393 3501 ad
1409 3444 1480 3502 Cat.
1496 3461 1526 3519 9.
1539 3449 1574 3501 et
1592 3441 1640 3504 15.
1662 3449 1984 3504 montemaureum

571 3553 684 3628 etque
698 3544 932 3615 Aventinum.
951 3548 1159 3623 ..Diomedes
1174 3550 1218 3610 II.
1240 3569 1275 3631 p.
1295 3547 1356 3624 439
1376 3542 1555 3628 prolepsin
1572 3541 1611 3604 in
1632 3541 1688 3603 his
1708 3541 1882 3624 observat,
1902 3545 1986 3624 quia

572 3671 672 3716 mons
690 3662 828 3739 postea,
849 3671 954 3736 quam
977 3653 1128 3738 populus
1155 3671 1235 3717 eum
1263 3649 1453 3732 insederat,
1473 3665 1567 3710 sacer
1584 3643 1696 3708 dictus
1718 3651 1752 3708 ei
1768 3645 1847 3708 lovi
1866 3666 1987 3744 eonse-

571 3761 687 3824 or'atus
707 3771 777 3845 est,
802 3768 989 3842 utrumque
1009 3769 1164 3824 montem
1182 3754 1301 3840 jungit
1322 3751 1427 3817 etiam
1451 3751 1543 3814 Plin.
1569 3771 1617 3830 19·
1641 3757 1693 3825 42²
1722 3753 1852 3824 ,Nemo
1872 3771 1986 3816 saeros

574 3867 830 3947 aventinosque
851 3872 987 3929 montes
1010 3871 1045 3928 et
1069 3863 1164 3927 iratae
1187 3859 1301 3944 plebis
1321 3875 1469 3922 secessus
1486 3854 1796 3938 circumspexerit.»
1814 3855 1899 3919 Duae
1915 3855 1985 3942 igi·

577 3977 634 4031 tur
653 3980 711 4030 aut
727 3973 845 4051 plures
859 3967 1066 4035 secessiones
1086 3967 1142 4029 his
1161 3964 1276 4029 verbis
1290 3962 1504 4045 indicantur,
1523 3959 1603 4024 ride
1622 3963 1667 4022 ad
1688 3959 1785 4027 Catil.
1804 3963 1854 4024 33.
1872 3963 1986 4038 ,Corn

575 4075 643 4138 Sed
661 4071 713 4135 olr
733 4071 801 4136 Cio.
823 4076 867 4136 de
884 4077 969 4158 Rep.
987 4075 1032 4137 ll.
1046 4073 1097 4135 33.
1117 4073 1225 4145 ..Nam
1242 4087 1349 4150 quum
1370 4073 1457 4131 esset
1476 4085 1517 4130 ea
1535 4083 1602 4129 aere
1617 4065 1733 4129 alieno
1748 4075 1919 4130 commota
1935 4065 1986 4128 ci-

575 4178 681 4263 vitas,
701 4175 801 4262 plebs
825 4185 978 4243 montem
1000 4195 1135 4242 ssorum
1154 4171 1269 4260 prius,
1295 4174 1422 4237 deinde
1438 4171 1648 4237 Aventinum
1671 4173 1893 4257 oocupavit,>‘
1913 4165 1985 4235 dra·

576 4280 789 4348 curetarum
803 4292 867 4348 eto.
882 4293 1072 4349 memoratu
1084 4283 1248 4370 dignum,
1270 4281 1365 4361 quod
1384 4277 1552 4343 Salustius
1567 4277 1793 4343 certaminum
1810 4277 1901 4342 inter
1920 4294 1985 4360 pa·

573 4401 640 4454 tres
657 4397 691 4456 et
704 4390 839 4476 plebem
856 4389 990 4455 bellum
1006 4391 1198 4456 seeundum
1209 4384 1379 4450 Punicum
1395 4385 1501 4453 finem
1513 4387 1629 4472 ponit;
1652 4383 1812 4463 cumjam
1826 4405 1847 4447 a
1866 4382 1980 4465 hello,
