4230 5348
365 711 468 776 supra
486 705 565 776 pag.
587 691 635 753 26.
660 711 693 750 n.
709 688 796 751 falso
817 684 968 766 antiqua
984 681 1170 748 editiones:
1193 675 1329 747 Oratio
1347 677 1476 747 Marci
1492 678 1625 766 Lepidi
1640 681 1784 750 tribuni

359 792 480 880 plebis
501 796 543 858 de
575 789 777 858 tribunicia
790 797 979 873 potestate
1000 787 1261 872 recuperanda:
1288 793 1489 871 praenomen
1521 807 1595 853 non
1625 791 1781 856 Morcus

367 906 428 964 sed
453 897 569 988 Cajus
590 898 667 962 fuit.
696 900 748 962 De
773 917 815 962 eo
837 896 956 959 Cicero
977 895 1042 957 ita:
1072 895 1130 970 «Ο.
1150 896 1265 958 Macer
1285 891 1487 956 auctoritate
1513 911 1647 977 semper
1668 894 1781 980 eguit,

367 1006 427 1068 sed
449 1002 522 1064 -fuit
543 1009 708 1085 patronus
728 1003 982 1087 propemodum
1004 997 1296 1083 diligentissimus.
1318 997 1429 1075 Hujus
1451 997 1482 1061 si
1501 999 1590 1082 vita,
1610 999 1640 1062 si
1654 1019 1781 1082 mores,

369 1107 400 1170 si
419 1108 536 1170 vultus
558 1108 709 1189 denique
729 1128 799 1169 non
817 1125 958 1169 omnem
986 1103 1321 1168 commendationem
1338 1102 1475 1188 ingenii
1498 1103 1688 1188 evertisset,
1708 1085 1782 1166 ma-

364 1210 422 1288 jus
442 1233 569 1276 nomen
582 1213 621 1276 in
633 1212 789 1297 patronis
808 1211 937 1276 fuisset.
957 1214 1035 1273 Non
1050 1215 1123 1274 eret
1138 1208 1333 1290 abundans,
1354 1227 1427 1271 non
1440 1208 1542 1291 inops
1560 1215 1688 1272 tamen:
1709 1227 1783 1272 non

369 1318 470 1381 valde
479 1317 604 1402 nitens,
616 1339 686 1382 non
695 1319 799 1402 plane
806 1317 950 1380 horrida
957 1314 1078 1378 oratio:
1090 1333 1166 1397 vox,
1176 1321 1289 1398 gestus
1302 1320 1336 1375 et
1349 1312 1462 1376 omnis
1474 1313 1563 1376 actio
1572 1314 1647 1378 sine
1653 1315 1782 1397 lepore:

369 1430 404 1484 at
414 1423 452 1484 in
460 1421 676 1487 inveniendis
690 1420 1007 1506 componendisque
1016 1421 1118 1484 rebus
1127 1418 1216 1493 mira
1225 1417 1458 1480 accuratiotut
1468 1437 1540 1480 non
1549 1417 1652 1480 facile
1662 1417 1698 1478 in
1707 1417 1782 1482 ullo

371 1523 1259 1612 diligentioremmajoremquecognoverim,sedeam
1267 1522 1784 1607 utcitiusveteratoriam,quam

372 1633 557 1695 oratoriam
568 1632 708 1694 diceres.
716 1630 783 1693 Hic
792 1631 857 1695 etsi
866 1613 970 1696 etiam
978 1630 1016 1692 in
1022 1627 1172 1710 publicis
1182 1627 1291 1690 causis
1298 1626 1526 1710 probabatur,
1538 1636 1654 1692 tamen
1664 1628 1703 1691 in
1712 1628 1785 1712 pri-

372 1735 459 1798 vatis
473 1734 700 1816 illustriorem
714 1734 895 1798 obtinebat
915 1735 1063 1796 locum>>
1082 1733 1185 1816 Quod
1196 1730 1337 1812 quidem
1347 1730 1518 1808 judicium
1533 1732 1615 1794 huic
1634 1732 1785 1796 orationi

371 1859 444 1903 non
456 1832 558 1924 plane
574 1842 775 1923 responden
797 1839 955 1918 quamvis
963 1839 1060 1900 enim
1074 1845 1108 1899 ct
1122 1834 1361 1900 inventionem
1372 1843 1406 1900 et
1413 1836 1691 1920 compositionem
1704 1837 1784 1913 jure

370 1945 583 2026 laudaveris,
612 1964 747 2007 summa.
770 1951 886 2006 tamen
909 1940 1140 2006 admiratione
1162 1940 1288 2024 dignus
1312 1959 1390 2004 acer
1413 1949 1448 2006 et
1468 1959 1615 2024 praesens
1631 1941 1783 2017 animus,

372 2050 498 2112 mentis
516 2049 686 2117 fervor'et
706 2067 840 2112 summa
860 2046 1064 2130 prudentia,
1085 2066 1154 2126 qua
1173 2045 1286 2128 plebis
1309 2045 1455 2130 ignariae
1483 2046 1643 2110 stimulos
1666 2049 1785 2109 admo-

372 2157 440 2216 vet.
460 2156 580 2231 Neque
596 2151 795 2230 virtutibus,
814 2169 891 2230 quae
910 2149 1093 2233 dicuntur,
1114 2149 1274 2212 oratoriis
1295 2152 1369 2214 baec
1388 2151 1525 2214 excellit
1546 2151 1675 2228 orati03
1695 2150 1786 2214 veri-

372 2266 424 2319 tas
453 2254 548 2320 enim
576 2261 610 2316 et
643 2253 775 2317 nobilis
803 2255 960 2334 quaedam
982 2250 1093 2315 animi
1122 2253 1265 2318 libertas
1294 2255 1404 2338 magis
1432 2253 1654 2338 simplicitate
1680 2255 1786 2335 quam

373 2360 585 2424 ornamentis
612 2361 877 2436 commendatur.
904 2357 1026 2419 Nihilo
1047 2355 1162 2418 minus
1191 2365 1306 2418 tamen
1329 2377 1383 2418 res
1405 2359 1528 2438 saepius
1551 2359 1696 2442 agitata,
1726 2359 1786 2424 tri-

372 2465 523 2535 huniciae
541 2462 720 2545 potestatis
737 2457 927 2533 restitutio,
947 2472 1021 2513 non
1038 2452 1174 2514 minore
1192 2472 1271 2512 cum
1288 2455 1389 2546 copia
1403 2475 1508 2531 quam
1528 2477 1620 2544 novo
1635 2467 1786 2542 quodam

375 2567 515 2634 dicendi
535 2579 661 2648 genere
683 2563 826 2621 tractata
848 2563 907 2625 est.
1389 2563 1392 2566 ·

456 2665 496 2732 Si
511 2664 678 2746 Quirites
683 2681 820 2745 parum
840 2657 1127 2729 existumaretis:
1147 2661 1252 2742 «citat
1260 2661 1417 2732 Donatus
1430 2669 1471 2738 ad
1484 2663 1560 2734 Ter.
1572 2667 1710 2736 Phorm.
1718 2671 1741 2736 l.
1760 2700 1787 2740 ι.
1883 2657 1890 2660 “

378 2780 412 2837 et
439 2771 515 2834 vult
536 2789 600 2852 pro
629 2768 801 2833 aestumari
819 2769 946 2850 accipi3
972 2772 1032 2834 sed
1064 2779 1114 2863 est
1133 2775 1275 2856 proprie
1299 2783 1377 2858 post
1399 2776 1709 2844 considerationem
1728 2782 1787 2858 ju-

378 2877 509 2951 dicare,
532 2874 750 2957 intelligere»
770 2874 861 2936 Cort.
884 2873 1034 2937 Gronov.
1061 2879 1106 2938 ad
1129 2876 1202 2944 Liv.
1226 2882 1276 2951 34.
1304 2901 1332 2940 2.
1351 2882 1408 2942 ,ad
1429 2883 1468 2942 A.
1497 2883 1586 2946 Gell.
1617 2909 1643 2946 ι.
1673 2891 1702 2948 3.
1725 2886 1786 2950 cfr.

379 2983 448 3046 Cic.
467 2985 510 3043 de
530 2979 612 3041 clar.
632 2979 726 3041 Orat.
747 2996 803 3039 ar:
825 2977 1015 3062 orationes,
1035 2999 1075 3042 ex
1094 2981 1221 3062 quibus
1237 2982 1426 3047 existimari
1441 2987 1484 3048 de
1504 2985 1662 3070 ingeniis
1672 2997 1788 3054 orato-

378 3107 457 3150 rum
481 3091 603 3170 potest.
627 3086 762 3148 Terent.
783 3086 905 3146 Heaut.
930 3108 958 3150 2.
984 3091 1013 3147 3.
1032 3103 1081 3161 41.
1111 3091 1180 3160 «Ea
1207 3108 1261 3154 res
1282 3089 1379 3152 dedit
1398 3090 1624 3154 existumaadi
1651 3093 1788 3176 copiam

303 3227 307 3233 «
378 3190 590 3274 quotidiana
616 3189 695 3254 vitae
724 3189 1040 3254 consuetudinem.»
1070 3188 1316 3256 disserendum
1327 3189 1413 3282 suit
1429 3198 1514 3260 -baec
1536 3199 1643 3260 Codd.
1672 3198 1787 3263 lectio.
1890 3231 1896 3240 ·

378 3301 422 3360 de
454 3295 642 3359 indicativo
673 3295 711 3356 in
733 3294 1031 3381 propositionibus
1052 3295 1348 3362 conditionalibus
1374 3297 1433 3361 cfr.
1458 3302 1596 3385 Kriiger
1623 3301 1792 3383 Disquisit

378 3405 493 3477 Gram.
509 3404 601 3473 Fasc.
615 3402 659 3463 II.
681 3396 861 3480 Quotiens
880 3437 922 3452 -
934 3400 1058 3482 plebes
1075 3400 1286 3464 secessisset.
1307 3403 1387 3465 vide
1407 3414 1542 3467 nostros
1561 3409 1788 3472 Commentar.

379 3511 424 3570 ad
444 3508 543 3570 Catil.
559 3511 608 3568 33.
629 3530 664 3589 p.
684 3506 753 3566 108.
769 3508 814 3567 ad
835 3505 911 3590 lug.
932 3509 981 3566 31.
1001 3514 1035 3570 et
1057 3523 1160 3586 supra
1177 3505 1222 3565 ad
1235 3502 1357 3588 fragm.
1380 3508 1408 3566 8.
1431 3506 1653 3588 docendique
1671 3514 1787 3580 blata.

380 3635 456 3694 quae
477 3612 582 3676 lectio
602 3618 795 3675 memoratu
815 3610 1034 3695 dignissima,
1056 3609 1120 3674 etsi
1133 3609 1248 3672 minus
1265 3609 1469 3691 probabilis.
1498 3618 1534 3674 et
1552 3607 1606 3675 ire
1623 3609 1787 3696 primum

381 3716 453 3782 aia.
473 3718 560 3780 falso
580 3716 731 3780 Cottius:
748 3713 930 3796 ..primum
950 3713 1067 3797 posuit
1084 3733 1148 3796 pro
1165 3720 1253 3776 ante
1268 3710 1396 3777 omnia
1418 3715 1612 3802 Philargyr.
1630 3722 1675 3782 ad
1692 3721 1788 3807 Virg.

382 3825 423 3885 ΙΙ,
445 3825 568 3907 Georg.
595 3842 644 3885 vs.
665 3826 735 3901 475.
766 3819 835 3882 Cic.
862 3821 906 3882 II.
924 3821 984 3902 Ep.
1007 3840 1037 3898 9.
1060 3841 1095 3880 n.
1116 3827 1165 3882 ι.»
1191 3821 1260 3882 hoc
1277 3819 1371 3883 enim
1386 3821 1493 3891 dicit:
1513 3842 1549 3887 se
1569 3826 1691 3889 ducem
1715 3826 1789 3890 illis

304 3955 306 3962 v
383 3927 520 3988 itineris
537 3927 630 4003 fore,
653 3927 750 4007 quod
769 3931 855 3990 esset
866 3924 1144 4008 ingrediendum.
1166 3922 1370 3988 libertatem
1388 3947 1571 4008 capessere
1587 3951 1661 3994 non
1675 3933 1789 3995 solum

384 4037 433 4092 est
452 4023 611 4090 affectare
632 4036 734 4109 atque
756 4038 930 4114 appetere,
950 4038 1128 4110 utsupra,
1149 4031 1209 4092 sed
1232 4031 1353 4092 eodem
1377 4033 1484 4094 modo
1503 4034 1632 4096 dictum
1656 4045 1694 4098 ut
1714 4037 1791 4099 bel-

296 4183 298 4187 .
382 4135 456 4196 lum
462 4175 472 4209 ,
491 4152 627 4215 pacem,
649 4134 899 4217 rempublicam
911 4151 1093 4217 capessere.
1118 4141 1220 4215 spem
1236 4131 1368 4197 bonam
1382 4156 1430 4198 ea
1447 4135 1555 4199 cobis.
1575 4139 1677 4202 sicuti
1687 4159 1789 4225 supra

275 4245 280 4250 '
383 4245 499 4328 metus
511 4260 534 4300 a
545 4235 733 4327 Pompejo.
755 4239 823 4302 Gic.
837 4241 921 4323 Epp.
936 4244 982 4301 13.
1004 4240 1052 4298 16.
1070 4259 1104 4299 n.
1118 4259 1146 4298 1.
1167 4240 1217 4300 Ex
1234 4258 1276 4303 eo
1287 4260 1364 4302 cum
1379 4242 1423 4302 ab
1438 4241 1579 4306 ineunte
1591 4251 1688 4309 aetate
1700 4247 1789 4311 bene

380 4349 601 4427 sperassem.)>
622 4346 715 4408 cort.
733 4340 949 4410 certaminis
968 4343 1122 4410 advorsa
1140 4342 1190 4408 ita
1215 4346 1287 4414 Vat.
1319 4367 1350 4414 r.
1373 4346 1467 4416 idem
1486 4367 1590 4434 supra
1620 4352 1724 4418 Sulla
1752 4361 1790 4416 et
