4334 5354
1655 427 1726 520 aaa

314 639 376 684 sere
395 637 423 682 c.
445 615 581 681 accersiri
601 635 626 682 a.
647 617 736 680 milit.
756 611 959 680 instrumenta
975 621 1001 678 e.
1022 615 1146 680 adfatim
1167 639 1191 678 a.
1219 635 1331 679 nomen
1351 627 1382 679 et
1401 619 1454 680 lat.
1474 637 1500 682 x.
1525 635 1643 680 summo
1661 632 1727 683 stu-

313 727 367 789 dio
389 725 488 787 omnis
508 727 566 787 cir.
586 729 619 787 b.
638 725 790 786 mittuudo
811 745 835 785 z.
856 727 955 787 bouus
976 734 1030 784 art.
1051 729 1083 787 Β.
1105 726 1139 786 in
1160 723 1292 786 medium
1313 726 1392 807 prof.
1413 743 1440 785 x.
1466 723 1564 797 ·di··
1583 748 1601 784 a
1622 732 1725 806 spurio

311 834 418 894 albino
437 834 616 914 proconsule
636 837 718 896 bora.
738 833 858 894 inbellis
879 855 903 895 a.
922 833 1093 914 promptior
1112 851 1136 893 s.
1157 831 1219 912 spei
1240 836 1326 891 bonae
1345 835 1409 893 bzx.
1429 832 1612 892 inminuerat
1632 852 1658 892 a.
1679 837 1727 898 la-

312 941 386 998 bore
406 938 545 1020 coegisset
565 959 590 1003 z.
609 937 661 998 scd
682 940 719 998 rb
738 959 806 1020 sup.
826 940 882 999 lin.
902 938 976 1000 odos
997 949 1050 999 aut
1070 947 1179 1022 egestas
1198 934 1305 1018 pabuli
1324 935 1355 997 Β.
1376 939 1493 998 statutis
1512 940 1613 997 castris
1632 957 1661 998 x.
1682 939 1728 996 ita

312 1045 402 1103 etiam
424 1044 457 1102 in
477 1065 501 1109 s.
533 1063 602 1126 sup.
622 1045 678 1105 lin.
701 1043 805 1125 (neque
831 1065 914 1105 mun.
927 1061 970 1130 ¹ea
992 1043 1065 1123 (hac
1083 1047 1116 1104 in
1136 1049 1217 1108 bcxr.
1238 1047 1359 1126 omissa)
1389 1053 1533 1107 certantes
1566 1046 1676 1128 agitare
1696 1065 1724 1106 c.

311 1149 388 1229 fingi
424 1158 531 1230 querat
559 1169 583 1210 Β.
633 1150 727 1222 -45-
758 1152 927 1233 comperior
952 1171 976 1212 a.
1014 1171 1087 1214 aeva
1114 1153 1200 1213 miles
1225 1173 1250 1214 a.
1279 1152 1332 1214 sed
1360 1129 1407 1235 pr.
1440 1173 1481 1218 m.
1513 1171 1570 1212 neu
1600 1149 1725 1211 cottidie

312 1275 338 1311 a.
359 1253 469 1315 cotidie
490 1254 538 1320 bc.
565 1255 658 1316 modo
678 1259 711 1317 in
731 1258 857 1338 posteris
878 1254 903 1318 ιζ
931 1278 974 1323 m.
1008 1276 1055 1340 pr.
1083 1268 1119 1319 ut
1138 1279 1208 1319 cum
1226 1260 1318 1340 signis
1338 1259 1387 1318 hc.
1428 1255 1529 1331 -46.-
1555 1258 1671 1336 accepit
1691 1275 1726 1314 ex

311 1369 399 1420 nunt.
420 1359 452 1418 Β.
473 1363 568 1420 alium
589 1364 651 1421 alio
672 1361 804 1426 divorsos
824 1383 850 1424 x.
875 1364 1010 1424 nuntiari
1030 1367 1116 1443 jubet
1134 1385 1160 1429 a.
1186 1365 1376 1453 mappalibus
1396 1368 1459 1424 bxz.
1487 1365 1589 1445 mapal
1611 1383 1638 1422 o.
1666 1362 1725 1418 mi-

309 1483 367 1522 nus
387 1463 500 1525 idcirco
520 1467 553 1526 b.
586 1485 618 1548 g.
639 1485 764 1549 magnus
785 1490 809 1530 a.
838 1467 889 1528 sed
910 1468 940 1529 ri
958 1487 1024 1551 sup.
1046 1471 1102 1531 lin.
1132 1479 1204 1531 esset
1222 1472 1339 1532 incerto
1359 1468 1517 1532 haberetur
1537 1489 1578 1528 cz.
1619 1479 1725 1545 -47.-

309 1589 383 1651 vaga
404 1591 429 1630 r.
451 1589 486 1632 cc
505 1587 568 1652 sup.
579 1572 634 1633 lin.
656 1575 874 1654 oportunitates
893 1577 943 1634 bc.
963 1575 1174 1656 oportunitatis
1194 1593 1236 1638 ra.
1257 1587 1495 1638 commeaturum
1517 1574 1676 1638 exercitum
1698 1592 1722 1628 a.

308 1685 510 1736 commeatum
529 1681 578 1737 bx.
604 1697 689 1738 suam
711 1680 803 1740 vitam
829 1681 1055 1761 liberorumque
1074 1684 1106 1742 Β.
1134 1683 1263 1746 inlectos
1282 1701 1325 1742 cz.
1354 1681 1529 1741 demittebat
1548 1675 1561 1736 i
1579 1696 1646 1756 sup.
1667 1677 1724 1734 lin.

307 1779 411 1850 -lu-
430 1801 465 1840 ac
486 1783 547 1844 auis
566 1787 649 1844 seb.
677 1803 734 1867 pax
752 1785 851 1850 verbis
871 1805 899 1844 c.
919 1790 990 1845 urbs
1010 1786 1138 1844 alienata
1159 1805 1237 1845 max.
1258 1803 1286 1845 c.
1309 1787 1411 1844 anima
1431 1783 1557 1847 advertit
1576 1805 1600 1841 z.
1628 1790 1727 1843 coeat·

306 1905 372 1946 nec.
392 1907 491 1948 rerum
512 1893 546 1949 b.
567 1889 674 1952 itinere
693 1888 827 1947 hostium
849 1891 882 1950 b.
902 1890 1055 1946 occultum
1077 1907 1120 1946 ex.
1142 1907 1183 1946 m.
1203 1905 1249 1964 pr.
1271 1905 1314 1944 os.
1334 1905 1402 1965 sup.
1423 1888 1478 1944 lin.
1499 1919 1541 1936 -
1561 1905 1579 1942 a
1599 1885 1724 1946 meridie

306 1991 404 2048 oriens
424 1995 455 2049 Β.
484 1992 569 2050 milia
588 1987 646 2050 XX
666 1999 762 2049 tractu
785 2011 810 2049 a.
842 1991 940 2048 millia
960 1987 1073 2050 habens
1094 2009 1235 2070 passuum
1258 2009 1285 2048 c.
1308 1992 1398 2048 colles
1418 2011 1460 2048 m.
1481 2005 1525 2068 pr.
1545 1988 1559 2045 ι’
1577 1979 1643 2068 sup.
1658 1992 1722 2048 elin.

304 2123 346 2142 -
360 2094 392 2152 in
412 2093 583 2153 inmensum
606 2093 770 2176 pertinens.
792 2113 822 2175 g.
836 2113 878 2154 m.
892 2115 950 2154 sec.
969 2093 1106 2173 adpinxit
1117 2113 1141 2159 z.
1158 2095 1294 2154 murtetis
1305 2084 1331 2152 εἰ
1348 2097 1480 2174 paenuria
1488 2115 1514 2153 s.
1533 2105 1637 2174 ·49.-
1655 2097 1721 2154 acie

303 2217 424 2258 suorum
445 2202 477 2263 Β.
498 2200 642 2280 elepantis
663 2221 688 2260 z.
716 2207 745 2258 et
765 2209 848 2280 parte
867 2203 899 2259 Β.
921 2203 1012 2259 etiam
1030 2200 1062 2259 iu
1082 2221 1106 2258 a.
1127 2221 1170 2264 m.
1193 2219 1240 2279 pr.
1265 2198 1441 2279 etpedibus
1462 2198 1584 2260 delectis
1604 2223 1627 2260 a.
1650 2219 1719 2260 cum

297 2307 329 2364 ‘is
350 2314 421 2369 cert.
442 2323 463 2363 2.
484 2323 554 2364 curn
574 2301 621 2364 his
640 2325 668 2365 x.
697 2304 750 2364 alii
773 2313 919 2365 ostentare
938 2327 965 2386 s.¹
993 2315 1144 2385 postremo
1166 2310 1308 2384 cujusque
1334 2305 1456 2385 ingenio
1476 2309 1540 2366 aba.
1568 2307 1719 2386 postremo

304 2411 412 2491 cuique
420 2429 449 2471 e.
469 2408 642 2492 degrediens
653 2432 678 2475 r.
701 2431 742 2470 m.
764 2429 812 2492 pr.
833 2408 928 2490 isup.
943 2411 998 2470 lin.
1020 2407 1187 2491 digrediens
1197 2415 1246 2470 bx.
1271 2411 1414 2470 occultati
1426 2396 1505 2470 baxa.
1526 2408 1721 2491 acc-(emen-

303 2515 452 2596 dandum)
474 2525 539 2574 tum
558 2526 666 2576 natura
685 2519 719 2577 Β.
739 2515 858 2578 dextero
878 2518 968 2577 latere
988 2537 1013 2576 a.
1035 2514 1122 2597 quod,
1136 2535 1315 2596 proxumum
1337 2515 1434 2576 hostes
1455 2527 1539 2578 cram
1560 2539 1584 2577 a.
1609 2537 1719 2599 agmen

302 2619 432 2682 instituit
452 2641 479 2680 x.
519 2620 619 2680 -50.-
649 2619 769 2704 degredi
788 2644 813 2682 z.
844 2642 886 2682 m.
913 2639 960 2702 pr.
982 2619 1080 2701 isup.
1101 2621 1156 2680 lin.
1175 2630 1388 2702 praetergressos
1410 2626 1490 2682 berz.
1524 2621 1663 2683 adextra
1683 2643 1722 2682 ac

301 2725 419 2785 sinistra
438 2747 463 2786 n
495 2725 610 2799 adesce,
631 2727 742 2788 instare
761 2735 850 2808 alque
871 2729 945 2788 locis
965 2729 997 2787 b.
1025 2736 1116 2804 utque
1136 2726 1245 2784 instare
1265 2745 1289 2785 a.
1316 2723 1368 2783 sed
1388 2733 1476 2804 atqua
1495 2725 1639 2787 deletum.
1663 2729 1718 2786 ubi

300 2812 452 2892 romanor.
474 2839 571 2890 turma
585 2835 617 2892 Β.
637 2849 702 2890 nou
723 2831 882 2891 confertim
903 2829 936 2888 in
956 2848 1053 2888 uuum
1067 2832 1100 2888 Β.
1121 2849 1186 2887 eam
1201 2847 1271 2889 vero
1293 2829 1476 2887 consuetis..
1496 2829 1586 2887 -51.-
1598 2833 1717 2909 pericu·

298 2939 363 2996 lum
383 2947 513 3016 coeperat
531 2955 559 2996 x.
580 2937 684 2994 omnia
704 2953 790 3014 agere
810 2952 838 2992 x.
866 2933 1008 2989 omnibus
1029 2929 1127 2988 niodie
1148 2933 1250 2988 labore
1271 2932 1303 2986 Β.
1331 2920 1462 2986 cohortis
1482 2951 1506 2994 a.
1529 2933 1670 3012 quattuor
1691 2959 1716 3001 a.

299 3043 439 3102 conlocet
457 3059 481 3095 a.
503 3055 586 3094 orare
607 3047 638 3094 et
657 3035 771 3094 hortari
792 3038 859 3094 box.
880 3031 974 3092 hostis
999 3033 1141 3114 fugientis
1160 3055 1185 3092 a.
1214 3031 1312 3092 -5a.·
1332 3031 1379 3093 die
1399 3053 1503 3116 vesper
1523 3049 1585 3098 erat
1604 3061 1629 3100 a.
1650 3049 1716 3100 tuta

299 3153 370 3206 suut
388 3148 422 3203 b.
443 3141 508 3216 (sed
527 3143 560 3200 in
582 3133 717 3221 margine
737 3147 819 3197 tutor
838 3139 945 3196 tutaris
964 3135 1164 3218 adscriptum)
1185 3135 1322 3198 hostibus
1341 3141 1453 3221 ignaria
1465 3165 1491 3202 a.
1512 3165 1553 3204 m.
1570 3165 1621 3226 pr.
1643 3166 1715 3228 par-

299 3250 382 3308 tibus
396 3247 550 3329 copiarum
562 3251 606 3308 bs.
627 3243 678 3306 sed
698 3243 731 3304 in
743 3265 766 3309 a.
782 3243 810 3303 b.
830 3252 945 3324 puncto
965 3251 1115 3309 notatum.
1136 3263 1230 3305 vacuo
1250 3243 1301 3304 sed
1321 3265 1343 3304 u
1361 3267 1429 3328 sup.
1442 3250 1498 3310 lin.
1513 3272 1537 3310 z.
1559 3252 1603 3311 ita
1622 3254 1712 3312 ctiam

299 3373 404 3435 supra:
425 3353 546 3434 legatos.
566 3351 671 3414 -63.-
693 3361 835 3434 quattuor
854 3354 903 3411 ba.
924 3351 1004 3432 capti
1024 3361 1096 3410 sunt
1115 3369 1157 3410 xz.
1179 3350 1212 3410 in
1233 3349 1292 3412 hoc
1313 3373 1354 3412 m.
1376 3373 1434 3414 sec.
1456 3358 1601 3436 strepitu,
1622 3360 1712 3418 velud

298 3457 412 3535 hostes,
433 3459 589 3520 adventare
603 3465 635 3522 b.
648 3461 691 3520 ita
704 3455 990 3540 interpungendum.
1001 3487 1044 3504 ι·
1057 3456 1263 3516 tortitudinem
1280 3459 1371 3519 simul
1381 3470 1411 3520 et
1422 3464 1587 3521 tumultum
1601 3467 1632 3525 Β.
1653 3483 1712 3524 ca-

298 3567 363 3624 lum
378 3585 403 3630 a.
417 3565 582 3626 detrectant
592 3586 633 3626 xz.
645 3566 797 3628 decretant
806 3563 837 3624 Β.
850 3564 950 3636 -540-
964 3563 1058 3625 isdem
1069 3569 1136 3630 bcz.
1146 3567 1180 3624 in
1194 3563 1311 3625 hisdem
1325 3583 1353 3625 x.
1363 3567 1477 3647 proeliis
1486 3587 1510 3627 a.
1522 3573 1583 3644 jam
1593 3589 1713 3650 pugna·

299 3681 364 3733 tum
378 3673 448 3732 satis
462 3692 489 3732 n
505 3675 543 3732 ab
559 3693 619 3733 sese
633 3674 685 3733 illc
699 3675 730 3733 b.
743 3672 917 3756 infirmum,
931 3674 994 3756 agri
1009 3672 1039 3737 b.
1054 3671 1150 3754 flagit.
1165 3673 1278 3733 militiae
1290 3671 1450 3732 deducitur
1463 3675 1496 3734 Β.
1509 3675 1644 3734 animum
1662 3694 1710 3734 re-

296 3780 342 3860 gis
363 3778 452 3839 etiam
475 3790 540 3840 tum
561 3781 689 3840 ferocem
710 3801 771 3840 esse
790 3784 855 3841 bez.
883 3781 973 3840 etiam
991 3779 1067 3862 regis
1089 3791 1153 3838 tum
1174 3800 1202 3840 x.
1234 3779 1293 3840 nisi
1312 3780 1395 3838 illius
1416 3778 1556 3839 lubidine
1575 3799 1616 3843 xz.
1648 3781 1709 3846 iniss

297 3885 411 3945 micum
432 3896 580 3950 certamen
600 3891 681 3948 bcxz.
702 3885 871 3968 gerundum
890 3889 952 3948 hes.
974 3886 1104 3946 interfici
1125 3890 1210 3965 jubet
1229 3907 1254 3951 r.
1274 3885 1439 3966 interfecit,
1459 3883 1545 3963 juhet
1564 3906 1592 3945 x.
1621 3892 1707 3966 cujus

283 4003 361 4070 ‘spes
380 3989 430 4051 scd
450 4010 484 4052 us
502 3991 622 4073 punctis
643 4003 708 4052 not.
729 4013 754 4054 a.
774 3991 885 4054 Tamen
906 4013 940 4054 ex
959 3992 1063 4075 inopia
1083 3996 1164 4055 bora.
1186 3996 1220 4052 in
1241 3990 1358 4052 hisdem
1379 3991 1454 4052 locis
1472 4012 1518 4052 ex.
1538 3990 1648 4051 eisdem
1671 3996 1705 4050 Β.

296 4097 408 4177 operiri
425 4117 469 4160 xa.
508 4099 616 4160 -55.·
634 4101 696 4159 reb.
719 4109 787 4160 met
809 4104 843 4161 Β.
876 4121 936 4160 sese
956 4107 985 4160 ct
1006 4101 1165 4159 exercitum
1185 4103 1214 4160 Β.
1247 4119 1281 4160 ex
1300 4100 1396 4160 albini
1418 4097 1553 4158 socordia
1572 4102 1619 4159 br.
1653 4097 1707 4158 sed

296 4221 362 4282 sup.
385 4203 439 4268 lin.
460 4203 532 4266 auli.
552 4235 595 4255 ι-
612 4201 700 4290 autea
719 4205 847 4265 sollicita
860 4208 893 4268 b.
913 4203 949 4264 de
970 4205 1090 4265 Metello
1112 4206 1194 4265 fama*
1211 4211 1259 4265 cb.
1280 4225 1341 4286 quo
1362 4206 1468 4265 olarios
1488 4213 1551 4264 erat
1570 4223 1614 4263 cx.
1634 4207 1666 4260 in
1681 4223 1705 4264 z.

295 4317 362 4367 erat
382 4329 446 4391 sup.
467 4314 522 4372 lin.
563 4310 663 4374 etu-
683 4322 746 4372 artc
766 4312 940 4394 regnemine
960 4334 984 4372 a.
1007 4333 1048 4372 m.
1068 4331 1115 4394 pr·
1137 4311 1256 4393 (arcem
1277 4310 1365 4392 regni
1383 4311 1503 4373 nomine
1522 4331 1579 4371 sec.
1601 4325 1705 4368 emen-
