4230 5348
1643 473 1715 550 ¹19

254 717 260 724 ,
311 666 361 709 20.
384 625 427 708 de'
442 645 480 705 C.
499 637 641 704 Aurelio
664 624 762 703 Cotta
779 636 840 703 cfr.
860 639 928 704 Cic.
948 641 993 706 de
1014 641 1074 704 Or.
1092 639 1152 704 III.
1171 645 1208 704 3:
1229 639 1367 726 «paucis
1386 640 1508 708 diebus
1527 650 1605 728 post
1623 665 1718 712 mor-

309 760 382 816 tem
400 747 512 813 Crassi
533 746 694 830 depulsus
715 765 778 829 per
798 744 969 810 iuvidiam
989 745 1183 825 tribunatu,
1204 765 1277 811 non
1295 747 1414 814 multis
1440 749 1483 814 ab
1503 769 1546 814 eo
1557 741 1722 838 'tempore

309 853 487 920 mensibus
505 852 630 931 ejectus
644 859 724 914 este
741 849 910 914 civitate.»
932 851 1004 931 ejus
1020 852 1150 916 reditus
1168 861 1455 922 commemoratur
1468 855 1535 918 Cic.
1557 859 1649 920 Brut.
1666 878 1718 938 9⁰·

310 963 460 1025 eundem
489 957 528 1020 in
557 956 649 1020 libro
681 958 725 1020 de
750 955 895 1021 Oratore
913 957 1113 1038 loquentem
1143 957 1324 1022 inductum
1351 977 1438 1034 esse,
1473 959 1554 1022 satis
1575 969 1717 1026 constat.

309 1065 451 1128 Rutiliae
469 1062 582 1126 filium
601 1061 706 1124 fuisse
723 1068 818 1144 patet
840 1081 881 1125 ex
893 1061 964 1126 Cic.
981 1064 1066 1146 Epp.
1086 1065 1131 1126 ad
1149 1063 1219 1130 Att.
1241 1081 1289 1127 12.
1307 1081 1358 1127 ao.
1391 1066 1498 1128 homo
1517 1063 1718 1132 dissertissi-

309 1191 386 1234 mus
401 1176 526 1233 nostrae
547 1167 695 1232 civitatis
717 1167 845 1262 dicitur
861 1187 925 1250 pro
942 1167 1074 1260 Caecina
1096 1189 1124 1231 c.
1143 1173 1195 1231 33.
1215 1189 1396 1254 perperam
1413 1170 1588 1236 Ernestius
1611 1171 1650 1235 in
1665 1172 1717 1236 Cl.

282 1347 287 1360 ¹
309 1276 378 1339 Cic.
395 1277 467 1339 haec
488 1275 566 1338 loca
590 1277 634 1335 ad
657 1275 742 1337 duas
765 1273 916 1336 diversas
938 1291 1105 1356 personas
1127 1275 1272 1337 rettulit.
1293 1278 1412 1339 multa
1433 1273 1527 1339 mihi
1536 1273 1719 1359 pericula.

309 1379 504 1467 significare
517 1380 654 1444 ridetur
679 1379 831 1443 exilium.
851 1374 1130 1461 aliu-partim
1146 1377 1284 1443 vidend
1299 1381 1397 1443 Catil.
1417 1397 1447 1442 a.
1467 1373 1614 1465 reppuli
1628 1384 1720 1448 Vatt.

184 1521 188 1528 ·
311 1508 340 1549 1.
364 1485 565 1549 adrerum
593 1481 747 1548 auxiliis
773 1479 967 1555 etcirtute
987 1503 1068 1547 mea
1087 1487 1182 1559 ..haec
1209 1484 1358 1549 solemni
1379 1505 1477 1550 more
1501 1487 1719 1572 conjungun-

308 1599 366 1652 tur
386 1589 464 1652 vide
484 1592 529 1651 ad
550 1591 627 1674 Jug.
652 1604 708 1664 142
729 1588 856 1653 virtute
875 1606 914 1652 ac
939 1588 1007 1653 diis
1019 1589 1249 1655 volentibus.»
1270 1593 1363 1657 Cort.
1384 1593 1473 1655 adde
1496 1593 1595 1654 Catil.
1613 1594 1663 1654 52.
1685 1611 1721 1675 p.

309 1699 415 1792 beet
432 1689 561 1758 Comm.
580 1697 625 1756 ad
645 1696 680 1757 h.
703 1695 727 1761 1.
748 1690 786 1758 in
806 1694 873 1777 qne
895 1689 927 1756 is
946 1689 1114 1760 omnibus
1133 1697 1209 1761 Vat.
1227 1714 1256 1760 n.
1279 1717 1395 1778 neque
1411 1693 1556 1759 animus
1569 1690 1723 1782 negotio

314 1795 448 1890 defuit,
478 1820 594 1882 neque
618 1797 773 1875 decretis
799 1800 902 1864 labos
934 1800 1109 1882 opposita3
1130 1800 1240 1864 simili
1261 1800 1333 1865 lere
1354 1799 1488 1865 r'atione
1508 1807 1548 1862 ut
1569 1800 1669 1862 Catil.
1693 1816 1721 1860 r.

309 1903 369 1968 fin.
390 1904 526 1968 animus
549 1902 703 1969 enimin
736 1903 936 1990 universnm
967 1901 1097 1986 dictus,
1121 1910 1156 1968 et
1175 1880 1287 1985 θῦμον
1315 1909 1349 1966 et
1369 1886 1433 1960 νοῧν
1464 1903 1722 1988 complectitur,

307 2011 399 2072 baud
423 2009 525 2072 aliter
540 2029 643 2092 supra
658 2004 841 2095 ingenium
862 2007 956 2070 Orat.
977 2006 1069 2069 Phil.
1083 2029 1118 2090 p.
1140 2024 1211 2073 nan.
1225 2006 1287 2071 fin.
1303 2010 1398 2091 apud
1415 2007 1576 2069 Plautum
1594 2008 1719 2090 saepius

213 2107 215 2114 ’
309 2132 388 2175 meo
408 2109 532 2174 animo
552 2112 645 2174 idem
664 2114 759 2190 quod
779 2131 854 2173 mea
872 2111 1057 2192 sententia,
1080 2129 1155 2171 meo
1168 2108 1317 2183 judicio.
1336 2108 1398 2170 cfr.
1420 2101 1719 2188 Curcul.4.n.19.

310 2223 344 2281 et
362 2214 486 2297 saepius
507 2212 604 2276 alibi.
625 2207 773 2301 negotio
796 2211 819 2273 i.
842 2233 872 2275 e.
895 2209 948 2274 rei
962 2211 1070 2273 alicui
1094 2209 1345 2294 suscipiende,
1364 2210 1454 2274 inest
1477 2210 1636 2275 enimin
1653 2213 1720 2276 hac

309 2319 580 2392 vocemolestiae
599 2317 707 2381 notio.
730 2313 884 2380 decretis
903 2315 932 2378 i..
947 2335 976 2379 e.
999 2315 1062 2378 ubi
1079 2314 1305 2379 consulueris.
1327 2315 1430 2380 labos
1450 2313 1607 2390 ..functio
1628 2335 1722 2397 qure-

310 2430 390 2490 dam
401 2426 457 2489 vel
476 2423 585 2487 animi
601 2422 657 2484 vel
672 2421 825 2502 corporis
843 2419 1012 2503 gravioris
1029 2421 1145 2502 operis
1161 2427 1196 2480 et
1213 2420 1399 2482 muneris.»
1419 2420 1488 2485 Cic.
1504 2423 1604 2485 Tusc.
1624 2421 1724 2507 Disp.

311 2555 340 2595 2.
367 2535 415 2595 15.
447 2526 651 2592 mutabant.
682 2517 750 2588 boc
775 2542 840 2607 pro
871 2523 978 2586 verbo
1013 2531 1138 2586 neutro
1168 2521 1328 2604 usurpari
1360 2525 1471 2586 multa
1506 2523 1664 2610 exempla
1699 2543 1722 2588 a

310 2636 429 2702 Cortio
456 2637 501 2698 ad
522 2633 601 2718 Jug.
627 2638 675 2710 59.
700 2636 857 2713 congesta
881 2629 1016 2692 docent.
1045 2625 1129 2702 «cfr.
1153 2629 1223 2688 Cat.
1249 2642 1311 2714 223¹
1334 2625 1424 2690 Gell.
1454 2631 1500 2693 rb.
1521 2613 1560 2706 33
1588 2629 1726 2693 Lucret..

312 2765 341 2804 1.
360 2743 439 2821 7883
459 2739 533 2801 Liv.
555 2743 584 2800 5.
605 2743 682 2814 ιος»
704 2743 738 2797 et
759 2733 883 2816 saepius
904 2734 998 2815 apud
1019 2733 1186 2809 eundem;
1212 2731 1306 2794 adde
1325 2730 1422 2815 Virg.
1442 2733 1526 2796 Aen.
1545 2753 1573 2795 r.
1598 2749 1666 2813 104.
1686 2741 1722 2800 et

311 2849 458 2928 interpp.
478 2845 523 2905 ad
541 2842 635 2922 huuc
648 2839 814 2902 locumet
826 2836 994 2903 Vechuer.
1012 2835 1229 2899 Hellenolex.
1250 2853 1329 2918 pag.
1343 2854 1392 2913 7⁰·
1413 2853 1463 2914 sq.
1482 2842 1630 2898 senecta
1633 2835 1721 2927 jam

311 2957 432 3015 oetate.
452 2948 544 3010 male
563 2953 597 3011 et
618 2953 736 3008 contra
756 2943 866 3003 libros
885 2938 934 3002 ita
956 2938 995 3000 in
1014 2958 1090 3003 mea
1115 2937 1270 3004 editione
1288 2957 1494 3022 expressum.
1515 2947 1604 3004 acta
1624 2941 1720 3005 enim

235 3051 239 3060 ’
312 3061 423 3121 celate
443 3056 601 3116 constans
618 3046 777 3110 omnium
799 3043 970 3126 librorum
990 3051 1040 3106 est
1060 3042 1181 3127 lecti0‚
1202 3062 1307 3125 quam
1331 3043 1496 3128 exemplis
1516 3043 1726 3111 confirmare

312 3181 386 3223 non
413 3146 499 3240 opus
521 3161 584 3242 est.
604 3150 688 3217 vide·
705 3149 865 3232 Jugurth.
891 3150 926 3207 6..
937 3145 1131 3226 parricida
1154 3146 1264 3211 vestri
1283 3147 1466 3229 videque
1482 3149 1721 3244 animadverti·

313 3283 389 3326 mus
402 3264 447 3322 ad
462 3257 567 3320 Catil.
580 3259 630 3315 31.
650 3247 764 3313 uestri
782 3253 817 3311 h.
831 3250 855 3309 l.
874 3266 994 3310 omnes
1014 3251 1121 3312 Codd.
1141 3271 1219 3312 cum
1237 3251 1402 3316 insimili
1413 3255 1598 3319 verborum
1611 3262 1727 3319 struo·-

313 3379 392 3431 tura
410 3368 481 3427 Cat.
495 3353 543 3424 55.
565 3365 718 3423 cestrum
731 3354 924 3440 'genuinam
940 3349 1125 3414 lectionem
1143 3373 1213 3418 esse
1223 3356 1450 3420 docuerimus.
1469 3359 1537 3423 Sed
1554 3358 1628 3424 h..l.
1647 3375 1723 3419 non

313 3471 468 3557 singulos
480 3463 634 3549 plebejos
651 3459 831 3542 homines,
851 3461 910 3522 sed
925 3464 1033 3520 totum
1044 3458 1213 3542 populum
1231 3460 1415 3546 intelligit,
1428 3448 1609 3545 parricidii
1626 3458 1725 3522 enim

315 3577 446 3642 crimen
458 3592 529 3636 nou
544 3570 582 3633 in
597 3566 740 3653 privatis
760 3563 961 3627 hominibus
975 3563 1155 3646 laedendis,
1175 3566 1236 3626 sed
1252 3564 1292 3626 in
1312 3565 1393 3641 laesa
1407 3551 1532 3647 populi
1545 3561 1726 3641 majestate

315 3681 465 3770 positum
497 3685 555 3741 est.
585 3673 645 3737 cfr.
664 3673 732 3735 Cic.
759 3674 855 3735 Verr.
883 3671 911 3732 5.
936 3671 985 3732 66.
1009 3665 1062 3731 bis
1083 3665 1231 3758 genitus
1248 3675 1340 3733 recte
1360 3668 1496 3731 Cortius
1514 3666 1590 3742 «bis
1610 3666 1724 3752 geniti

231 3843 239 3861 ,
317 3789 357 3851 in
374 3806 446 3869 rep.
462 3783 680 3862 dicebantur,
695 3776 757 3859 qui
769 3774 1009 3860 postaliquam
1025 3773 1255 3836 calamitatem
1266 3772 1458 3860 singulares
1476 3774 1642 3856 honores,
1661 3779 1722 3835 aut

318 3890 418 3972 ejecti
432 3910 473 3954 ex
485 3909 558 3972 rep.
571 3887 712 3950 eandem
730 3881 953 3966 recipiebant.
965 3878 1020 3941 Sic
1042 3877 1161 3942 Cicero
1179 3877 1330 3942 reditum
1344 3894 1443 3944 suum
1455 3859 1729 3953 recupero-tur·
1845 3889 1848 3905 .

194 3995 197 4000 ’
316 4004 417 4062 uocat
444 3996 489 4058 ad
516 3994 583 4056 Att.
606 3997 635 4057 6.
664 3992 693 4053 6.
731 3997 764 4052 et
791 3986 906 4052 exules
926 3982 1069 4065 quidam
1092 3983 1184 4048 mori
1205 3993 1240 4051 et
1264 3986 1393 4050 mortui
1415 3985 1619 4050 dicebantur
1638 3983 1723 4047 vide
1776 4001 1783 4014 ·

229 4123 233 4127 ’
319 4103 427 4167 Graec.
443 4102 488 4163 ad
512 4097 578 4161 Cic.
600 4114 668 4181 pro
684 4093 819 4179 Quinct.
842 4113 869 4154 c.
887 4097 933 4158 13.
953 4088 1027 4152 Sicr
1049 4089 1140 4154 diem
1162 4091 1312 4172 natalem
1333 4098 1411 4176 post
1427 4093 1514 4156 Red.
1537 4089 1575 4152 in
1595 4091 1665 4155 sen.
1689 4109 1726 4152 c..

321 4227 370 4269 rr.
390 4209 478 4269 adde
491 4207 639 4268 Gronov.
656 4198 803 4272 Distrib.
818 4198 899 4260 Stat.
913 4217 941 4260 c.
959 4213 996 4258 ru
1005 4203 1037 4277 ρ
1056 4195 1119 4278 qui
1132 4196 1274 4278 quidem
1286 4199 1442 4262 Graecum
1475 4162 1721 4276 diorcpirrorpot,

321 4309 464 4384 confert.
485 4311 619 4377 Cottam
639 4325 681 4374 ex
699 4302 805 4374 csilio
826 4308 1022 4371 revocatum
1034 4300 1164 4385 inisse„
1181 4301 1277 4369 testis
1300 4310 1350 4369 est
1371 4300 1446 4368 Cic..
1466 4303 1559 4365 Brut.
1585 4317 1635 4379 90·
1658 4295 1726 4380 qui
