4334 5354
385 453 461 548 stc

384 663 502 735 puncto
511 649 585 726 not)
599 647 734 716 finiere.
744 643 922 704 condicione
939 662 970 702 x.
983 639 1043 702 viri
1053 639 1176 721 obrupti
1191 649 1223 704 b.
1233 641 1378 723 aliterque
1388 643 1448 703 illis
1458 641 1588 705 bonores
1597 665 1629 706 x.
1644 650 1800 712 constituti

385 771 417 824 b,
458 760 558 817 ..80.-
576 753 657 813 Num
677 750 717 811 ed
737 771 810 812 rem.
832 768 858 810 c.
878 768 945 828 sup.
966 748 1022 812 lin.
1043 773 1070 824 q,
1098 747 1206 806 emissa
1226 745 1339 808 thalem
1360 772 1390 814 x.
1411 751 1510 834 igneri
1531 771 1615 810 nom.
1636 751 1673 812 R.
1695 775 1721 818 c.
1743 754 1800 818 hec

385 865 533 946 paulatim
555 887 582 924 ι.
606 858 747 918 militatis
769 883 796 922 z.
828 865 932 936 preter
952 875 985 912 ee
1005 873 1035 912 ι
1058 854 1125 933 quis
1145 853 1241 931 adjut.
1264 875 1330 918 cxz.
1352 855 1462 936 quibus
1482 865 1515 922 b.
1538 877 1574 917 eo
1595 861 1691 940 gretia
1713 888 1737 922 2.
1758 883 1800 922 m.

385 991 430 1051 pr.
452 970 574 1046 incepto
602 963 674 1023 belli
695 973 785 1028 boxz.
818 959 896 1020 boco
916 971 1057 1039 nupserat
1076 970 1129 1022 bz.
1159 963 1276 1040 optinet
1297 963 1332 1024 z.''
1363 964 1471 1024 -8r.-
1491 965 1637 1043 placitum
1657 966 1799 1048 jugurtha

384 1075 518 1155 (reliquis
538 1068 662 1147 omissis)
682 1089 714 1129 x.
737 1068 907 1128 communis
927 1099 970 1130 «-
991 1063 1084 1126 hostis
1098 1093 1133 1144 Δι.
1154 1066 1293 1130 lubidine
1313 1069 1389 1150 imp.
1412 1097 1439 1132 z.
1459 1068 1592 1129 lubidini
1614 1091 1661 1132 cx.
1682 1072 1800 1132 lubidi-

383 1203 455 1242 nem
476 1187 509 1244 b.
534 1176 658 1238 advorsa
678 1186 749 1236 sunt
769 1183 840 1239 box.
870 1173 908 1251 (z.
929 1191 971 1232 m.
992 1193 1049 1238 sec.
1070 1181 1136 1254 sup.
1157 1174 1226 1252 lin.)
1252 1194 1351 1256 regem
1372 1195 1462 1255 persae
1481 1197 1530 1236 cx.
1551 1197 1664 1256 persem
1686 1205 1713 1241 ι.
1743 1180 1799 1260 iter

307 1305 311 1310 ’
387 1285 571 1352 constituam
593 1311 620 1347 z.
652 1281 693 1355 Q.
720 1281 857 1340 Metellus
877 1287 950 1342 box.
983 1280 1083 1340 minus
1113 1291 1185 1341 met.
1207 1281 1305 1360 quint.
1326 1300 1393 1360 sup.
1415 1282 1471 1340 lin.
1493 1309 1520 1344 z.
1550 1286 1797 1364 operaepretium

384 1404 476 1458 berz.
497 1391 558 1451 dux
577 1391 730 1449 Romanus
751 1396 821 1451 box.
843 1387 876 1444 in
898 1412 923 1448 z.
943 1384 1003 1444 dux
1021 1403 1088 1466 sup.
1109 1387 1166 1450 lin.
1189 1405 1259 1446 mox
1288 1386 1431 1469 agitando
1453 1415 1479 1450 z.
1529 1389 1627 1448 -82.·
1647 1387 1742 1448 cirthe
1763 1399 1797 1452 b.

385 1501 519 1580 operitur
540 1524 568 1561 z.
596 1517 631 1556 ex
650 1491 804 1576 quomodo
826 1509 930 1572 osup.
950 1492 1006 1550 lin.
1027 1519 1054 1555 z.
1084 1510 1173 1550 romae
1193 1501 1226 1556 b.
1256 1505 1309 1552 aut
1328 1491 1493 1552 honestum
1509 1514 1557 1554 cx.
1584 1497 1731 1554 lacrumas
1751 1515 1798 1554 xz.

381 1603 542 1668 vortebent
560 1608 624 1665 bxz.
663 1599 763 1659 -et-
782 1594 875 1656 hostis
893 1595 923 1659 P.
945 1594 982 1659 ll.
999 1622 1026 1659 z.
1047 1595 1070 1654 ti
1087 1629 1130 1645 -
1150 1595 1185 1654 m’
1203 1617 1269 1678 sup.
1290 1599 1346 1663 lin.
1368 1610 1459 1658 -et
1480 1619 1654 1680 quenquam
1668 1626 1695 1662 z.
1715 1619 1798 1660 ecer-

384 1714 461 1774 rjme
480 1717 514 1772 b.
547 1728 588 1768 m.
609 1721 655 1784 pr.
676 1719 835 1782 aegerrume
854 1725 881 1762 z.
915 1701 1097 1760 convictores
1117 1704 1211 1763 velint
1233 1731 1259 1766 z.
1291 1704 1427 1764 florentis
1447 1726 1514 1769 cxz.
1555 1705 1657 1778 -84.-
1686 1708 1797 1765 multos

385 1827 474 1894 etque
495 1815 591 1870 ferrox
609 1827 631 1867 ιι
650 1827 717 1886 sup.
736 1805 792 1864 lin.
815 1831 841 1866 z.
863 1803 976 1863 dictare
994 1824 1026 1864 x.
1046 1825 1187 1865 arcessere
1209 1815 1235 1871 ι’.
1257 1806 1288 1865 b.
1309 1831 1350 1870 m.
1370 1829 1416 1890 pr.
1439 1830 1582 1890 recessere
1602 1833 1629 1871 c.
1650 1811 1746 1870 accire
1765 1831 1797 1872 x.

384 1935 529 1981 accersere
548 1924 582 1979 b.
604 1934 646 1973 m.
667 1929 723 1970 sec.
744 1909 988 1989 subplementum
1006 1937 1034 1974 z.
1054 1911 1216 1972 ambiendo
1238 1941 1264 1975 z.
1285 1912 1366 1990 plebi
1386 1930 1428 1963 ³-
1446 1917 1561 1976 volenti
1581 1943 1608 1978 z.
1628 1920 1746 1978 volente
1764 1937 1797 1975 x.

384 2035 413 2084 et
435 2051 461 2086 2.
483 2042 525 2080 m.
547 2039 603 2080 seo.
622 2051 665 2065 --
685 2015 744 2075 eud
764 2014 838 2074 belli
860 2035 946 2074 usum
969 2041 996 2078 z.
1028 2015 1153 2078 decretis
1174 2017 1301 2078 scribere
1321 2021 1412 2080 milit.
1433 2041 1465 2080 x.
1495 2043 1521 2086 c.
1552 2016 1638 2102 (cum
1660 2025 1755 2102 glossa
1776 2023 1810 2079 i.,

384 2151 411 2189 e.
432 2128 598 2188 inbreviare
617 2123 726 2204 antiq.)
768 2122 874 2182 -85.-
893 2121 961 2181 Scio
984 2123 1107 2202 quirites
1123 2133 1157 2188 b·
1179 2144 1241 2184 non
1261 2122 1377 2184 hisdem
1400 2147 1449 2191 cx.
1470 2125 1563 2185 isdem
1585 2124 1633 2188 bz.
1653 2127 1797 2206 supplicis

384 2259 411 2296 e.
434 2257 476 2294 m.
496 2253 554 2294 see.
576 2260 603 2299 z.
625 2242 729 2294 contre
748 2227 867 2292 videtur
887 2254 914 2293 ι.
936 2247 973 2286 eo
992 2249 1059 2309 sup.
1081 2231 1135 2288 lin.
1155 2230 1297 2292 videntur
1310 2238 1344 2294 b.
1363 2233 1458 2313 pluris
1478 2243 1521 2292 est
1541 2241 1576 2299 b.
1597 2231 1750 2313 plurisque
1763 2249 1796 2291 x.

340 2395 344 2404 .
383 2343 555 2402 consulatus
574 2348 626 2398 eut
646 2339 819 2417 prefectum
831 2355 862 2402 ι.
884 2337 1067 2395 occursantis
1088 2357 1155 2399 xcz.
1177 2335 1400 2417 delinquerem
1420 2337 1554 2416 presidia
1575 2359 1593 2397 o
1614 2357 1681 2416 sup.
1702 2339 1757 2402 lin.
1771 2359 1796 2396 ι.

382 2448 527 2526 intellego
548 2442 636 2518 Quir.
657 2443 796 2501 omnium
817 2440 892 2502 hore
910 2469 937 2506 z.
957 2441 1129 2522 reipublice
1149 2443 1315 2523 precedunt
1326 2468 1357 2506 x.
1377 2453 1412 2504 ut
1432 2464 1530 2525 neque
1549 2464 1600 2506 vos
1616 2457 1643 2507 z.
1663 2446 1709 2504 uti
1729 2465 1798 2503 om-

384 2554 430 2611 nis
452 2573 477 2611 c.
505 2553 539 2610 in
559 2549 649 2608 bonis
666 2548 778 2608 artibus
797 2551 844 2631 egi
864 2557 897 2614 b.
918 2543 1034 2608 mutare
1054 2547 1087 2607 id
1107 2569 1134 2608 x.
1162 2559 1215 2610 aut
1236 2555 1400 2611 multarum
1422 2572 1453 2610 x.
1483 2569 1537 2632 ego
1559 2551 1622 2609 seio
1643 2555 1696 2630 qui
1717 2559 1750 2614 b.
1770 2551 1795 2612 is

385 2655 453 2734 sibi,
472 2654 524 2715 sed
541 2653 596 2715 sibi
614 2655 734 2732 punctis
753 2664 816 2712 nol.
831 2673 856 2712 z.
876 2654 924 2712 sui
945 2652 1037 2713 officii
1051 2661 1085 2718 b.
1096 2687 1139 2704 -
1155 2666 1185 2715 ct
1204 2666 1268 2715 acta
1292 2664 1439 2734 majorum
1453 2677 1484 2715 x.
1504 2657 1566 2715 illis
1585 2657 1691 2716 litteris
1709 2675 1741 2715 x.
1761 2675 1797 2715 ea

382 2780 438 2842 ego
458 2780 490 2818 x.
519 2777 555 2816 ec
573 2757 692 2838 punctis
712 2764 777 2831 not.¹
797 2757 957 2830 nuncuius.
978 2777 1039 2815 vos.
1060 2777 1126 2835 sup.
1147 2761 1202 2817 lin.
1215 2787 1241 2820 ι.
1263 2761 1341 2820 tacta
1362 2761 1502 2822 auditnz.
1524 2770 1745 2839 contempnunt
1763 2781 1796 2820 x.

382 2873 579 2927 contemnant
598 2881 639 2920 m.
660 2879 706 2938 pr.
727 2880 749 2918 u
769 2877 835 2939 sup.
854 2861 912 2920 lin.
934 2886 961 2922 z.
984 2861 1074 2940 queri
1094 2869 1215 2938 possent
1236 2887 1263 2922 z.
1285 2861 1477 2940 facientium
1498 2873 1531 2927 b.
1551 2881 1572 2920 u
1592 2886 1659 2944 sup.
1680 2867 1736 2922 lin.
1752 2899 1795 2914 .-

381 2971 574 3033 iaciuntitem
591 2995 621 3032 z.
641 2988 681 3025 m.
691 2986 738 3046 pr.
756 2987 776 3025 a
793 2999 834 3016 ·-
844 2963 1001 3046 idemsup.
1015 2966 1122 3026 lin.-
1133 2967 1221 3024 illum
1234 2965 1311 3045 coepi
1328 2992 1354 3030 z.
1365 2967 1474 3047 pariter
1487 2976 1679 3046 expertentb.
1689 2989 1795 3047 expoe-

381 3087 448 3138 tent
469 3105 497 3140 z.
518 3077 552 3134 in
573 3082 677 3134 senato
697 3091 718 3130 ιι
738 3091 806 3154 sup.
826 3072 883 3133 lin.
904 3098 930 3136 z.
957 3072 1072 3132 'faciant
1092 3090 1113 3130 ιι
1133 3091 1199 3153 sup.
1221 3071 1278 3136 lin.
1302 3099 1329 3137 z.
1351 3073 1472 3151 majoris
1491 3091 1507 3132 e
1526 3092 1593 3154 sup.
1615 3073 1671 3133 lin.
1694 3101 1721 3136 z·
1743 3094 1795 3132 ex-

380 3185 495 3242 tollunt
502 3201 511 3250 ,ι
533 3181 622 3238 fortia
642 3180 719 3238 facts
736 3187 768 3242 b.
796 3175 995 3238 memorande
1016 3203 1043 3241 z·
1065 3180 1127 3241 vita
1148 3197 1251 3238 eorum
1272 3186 1306 3244 b.
1329 3183 1409 3240 bona
1429 3197 1532 3238 eorum
1552 3187 1586 3243 b·
1606 3175 1731 3257 hujusce
1751 3180 1794 3238 rei

380 3298 415 3352 b,
448 3283 526 3344 mihi
563 3286 640 3344 fecta
669 3278 723 3349 bs
746 3286 912 3368 corrupisse
952 3283 1059 3342 melius
1096 3293 1140 3343 est
1170 3293 1204 3348 b.
1243 3284 1352 3364 Equid.
1392 3304 1456 3345 non
1485 3305 1539 3366 ego
1565 3293 1599 3348 b.
1634 3305 1697 3348 non
1726 3288 1794 3362 pls·

381 3393 444 3456 cuit
463 3392 586 3474 religere
604 3418 630 3454 z.
652 3411 687 3450 ex
705 3392 801 3450 animi
821 3391 968 3450 sententia
981 3397 1032 3452 bz.
1054 3409 1095 3453 m.
1116 3408 1164 3468 pr.
1186 3389 1245 3449 mei
1263 3410 1328 3471 sup.
1343 3392 1397 3451 lin.
1418 3389 1522 3450 laedere
1542 3392 1629 3449 nullo
1649 3399 1747 3470 potest
1760 3399 1793 3453 b.

381 3517 497 3558 necesse
518 3507 561 3557 est
579 3518 646 3559 vere
666 3496 804 3576 predicet
823 3505 857 3560 b.
879 3505 909 3557 et
929 3513 1025 3553 mores
1044 3502 1077 3559 b.
1099 3493 1154 3555 lidi
1176 3515 1263 3555 causa
1282 3505 1314 3559 b.
1337 3516 1401 3554 mee
1421 3493 1553 3558 verbex.
1575 3493 1654 3554 nihil
1672 3497 1793 3576 profue-

380 3613 449 3664 rant
461 3611 533 3669 bxz·
555 3605 650 3666 multe
665 3601 701 3667 R.
717 3603 747 3666 1³.
761 3612 936 3683 optumum
951 3621 1018 3682 sup.
1033 3601 1090 3660 lin.
1104 3604 1136 3660 b.
1157 3621 1272 3683 gemem
1294 3611 1324 3658 et
1342 3608 1468 3659 aestatem
1490 3601 1501 3659 i
1521 3595 1589 3680 s'up.
1610 3602 1666 3660 lin.
1687 3629 1714 3665 ι.
1734 3599 1793 3660 hu-

379 3729 465 3768 mum
485 3711 665 3790 rsquiescere
686 3730 717 3774 x.
738 3709 827 3788 utile,
848 3707 935 3770 civile
956 3716 987 3771 b.
1009 3705 1146 3789 hisergo
1168 3706 1318 3786 praeceptis
1338 3726 1368 3764 x.
1391 3705 1554 3765 molliciem
1578 3734 1602 3769 z.
1624 3709 1788 3767 molliciem

379 3835 411 3880 x.
442 3813 505 3875 hsec
525 3826 614 3896 atque
635 3815 694 3874 clia
714 3822 766 3877 bc.
798 3814 857 3872 illis
877 3814 1023 3892 reliquere
1043 3833 1089 3877 cz.
1122 3811 1193 3890 (illis
1212 3821 1315 3894 punct.
1338 3810 1413 3887 not.)
1434 3813 1583 3872 incultum
1605 3813 1738 3872 moribus
1759 3834 1796 3888 xq

379 3922 475 3999 pluris
495 3921 584 3999 pretii
604 3939 734 3998 quocum
756 3951 796 3966 -
816 3919 939 3982 vilicum
964 3945 992 3988 z.
1021 3929 1051 3978 et
1071 3927 1245 3998 expetente
1265 3926 1317 3980 bz.
1344 3915 1438 3977 labor.
1459 3917 1529 3978 viris
1549 3938 1587 3990 x.
1608 3918 1790 3980 divitiarum.

381 4041 440 4082 esse
461 4044 527 4102 sup.
548 4025 604 4084 lin.
625 4057 667 4071 -
686 4023 920 4102 subpellectilem
936 4052 963 4087 z.
983 4044 1052 4084 caro
1073 4044 1094 4082 ιι
1113 4043 1180 4103 sup.
1195 4024 1251 4081 lin.
1273 4033 1428 4083 aestument
1444 4049 1470 4084 z.
1490 4023 1523 4082 id
1543 4043 1657 4103 semper
1678 4023 1793 4083 faciunt

380 4149 399 4186 a
418 4148 482 4210 sup.
505 4129 560 4189 lin.
581 4155 606 4190 z.
628 4131 661 4186 in
682 4130 825 4194 convivis.
845 4132 971 4189 alterum
993 4130 1006 4187 ι’
1025 4151 1089 4210 sup.
1109 4129 1163 4197 lin.
1186 4155 1212 4190 ι.
1233 4127 1410 4205 jocundiore
1431 4138 1520 4193 bcxz.
1541 4131 1583 4189 ita
1610 4141 1653 4188 est
1676 4138 1709 4191 b.
1731 4129 1790 4186 mei

380 4253 464 4295 more
484 4244 518 4300 b.
541 4232 691 4312 responde
710 4254 806 4314 pauca
825 4243 915 4299 bcxz.
936 4233 1051 4296 bonum
1072 4231 1179 4292 habete
1200 4232 1237 4292 de
1257 4254 1341 4292 uum.
1363 4235 1456 4294 anim.
1476 4243 1527 4298 bc.
1550 4256 1597 4293 me
1617 4231 1715 4291 hercle
1735 4241 1790 4305 b.;

380 4342 488 4403 attrita.
529 4339 629 4415 Quem
650 4348 701 4407 bz.
723 4340 813 4400 milit.
835 4351 879 4402 est
897 4352 964 4402 ntes
984 4349 1018 4405 b.
1046 4350 1141 4400 metus
1161 4343 1285 4420 coeperit
1305 4368 1331 4404 z.
1360 4351 1411 4402 aut
1431 4341 1464 4401 in
1483 4341 1591 4422 proelio
1612 4347 1661 4403 bx.
1690 4340 1791 4400 omui-
