4334 5354
1645 411 1722 530 ns

307 627 362 688 dm
384 623 497 683 -Nam
517 622 557 695 ed
578 620 638 682 hoc
658 651 674 664 -
694 622 745 692 48.
767 620 843 681 Gaio
864 624 1040 706 promptino
1062 655 1078 668 -
1105 619 1221 688 molrco
1237 627 1392 704 ¹permittit
1419 656 1436 670 ·
1465 629 1527 690 illis
1547 625 1684 690 homines
1701 663 1720 682 -

306 730 471 794 conlocatis
491 761 507 776 -
527 703 672 788 dbsidunt
690 759 710 776 ·
735 739 859 790 exortus.
881 731 953 814 gelli
974 763 989 776 -
1018 729 1149 790 desertus
1170 734 1266 790 multa
1285 761 1298 775 ·
1331 731 1381 802 46.
1398 712 1570 814 intelligens
1590 770 1606 784 -
1631 735 1722 798 dubi-

307 849 373 900 tans
393 868 412 883 ·
430 831 585 918 perdunds
605 867 623 882 ·
642 837 714 895 item
737 834 888 916 quendam
904 834 1052 917 *Ceparim
1072 867 1090 882 ·
1118 853 1168 918 47.
1190 837 1300 920 fugere.
1322 838 1380 896 alia
1401 837 1493 898 literis
1512 840 1569 918 (ita
1589 853 1719 922 semper)

307 941 493 1004 dissimulare
514 941 551 1002 de
566 940 793 1022 'Conjulacione
812 986 832 999 .
862 952 950 1016 ante,
971 963 1001 1002 se
1024 943 1144 1002 tertium
1164 987 1182 1000 .
1210 947 1256 1003 uti
1276 942 1295 1002 ’-
1314 942 1502 1004 habebantur
1522 989 1540 1004 .
1560 957 1629 1006 ante
1650 949 1721 1030 suga

306 1060 449 1112 retractos
470 1052 521 1126 48.
541 1051 666 1110 execrari
686 1081 705 1107 a
732 1049 897 1112 cottidiano
918 1093 937 1106 .
964 1048 1069 1110 aibant
1088 1070 1156 1133 sup.
1178 1029 1235 1116 lin,
1257 1072 1273 1111 e
1292 1095 1310 1109 .
1329 1053 1492 1113 volturcins
1512 1095 1531 1109 .
1550 1061 1684 1114 tenerent
1703 1097 1721 1112 .

306 1157 480 1218 leniunda.
499 1157 546 1216 nti
557 1154 713 1219 differatur
729 1187 744 1203 ·
767 1139 942 1236 potestatem
956 1155 1123 1217 faciendam
1139 1202 1157 1215 .
1176 1155 1227 1239 49.
1248 1158 1342 1218 isdem
1364 1204 1382 1217 .
1401 1179 1499 1241 neque
1512 1160 1651 1239 precibus
1670 1179 1722 1218 ne·

307 1265 483 1346 quegracia
502 1262 717 1345 nequepremi
736 1264 932 1343 pecuniarum
950 1295 971 1320 ·.
999 1262 1222 1324 adulescentulo
1243 1264 1348 1326 Cesare
1375 1310 1393 1322 .
1420 1264 1605 1326 mencinndo
1627 1309 1642 1328 .
1671 1263 1722 1324 5ο.
1816 1283 1822 1296 ’

307 1368 466 1429 orabatvin
486 1369 611 1430 andacia
630 1413 649 1426 .
669 1366 743 1449 quid
768 1367 806 1428 de
826 1370 850 1428 is
870 1414 888 1427 .
907 1381 1047 1446 ventum,
1068 1381 1188 1454 rogatus
1208 1417 1226 1430 .
1249 1371 1298 1432 51.
1319 1373 1415 1432 animi
1436 1373 1483 1432 sui
1504 1381 1581 1434 reete
1601 1415 1619 1427 .
1635 1390 1723 1452 perse

307 1474 381 1554 quid
402 1477 434 1534 in
455 1476 525 1543 illos
538 1518 556 1532 .
576 1475 743 1556 repperitur
761 1518 779 1532 .
799 1475 836 1536 iis
857 1477 1003 1539 utendum
1027 1499 1132 1540 censeo
1144 1522 1163 1536 .
1184 1477 1301 1540 dimissi
1322 1482 1354 1538 in
1377 1475 1502 1538 obscuro
1514 1519 1532 1536 ..
1552 1477 1724 1547 memoris,
1817 1535 1824 1546 ,

307 1600 371 1640 eam
402 1580 577 1643 modestiam
600 1612 616 1624 -
640 1581 760 1642 condio.
787 1583 877 1643 -sin
900 1585 969 1666 quia
987 1585 1069 1666 quod
1087 1586 1228 1665 judicasti
1247 1595 1307 1656 est,
1328 1583 1381 1667 qui
1406 1587 1545 1648 convenit
1564 1582 1723 1664 accidet,-

307 1685 382 1766 quid
399 1687 433 1748 in
452 1689 527 1748 alios
547 1721 563 1733 -
588 1697 618 1750 et
639 1689 746 1750 merito
766 1689 833 1748 fieri
854 1723 873 1738 -
892 1700 927 1783 nt
954 1694 989 1750 in
1008 1692 1212 1774 proscriptum
1229 1724 1252 1760 ,τ
1270 1691 1305 1750 in
1329 1711 1422 1776 manu
1454 1692 1493 1753 sit
1499 1723 1538 1766 ,-
1558 1695 1604 1751 lex
1623 1687 1725 1768 porcia

234 1775 240 1793 ⁵
306 1793 428 1874 aliaeque
446 1796 524 1879 leges
543 1802 650 1874 paratae
673 1803 762 1868 sunt,
791 1793 901 1872 quibus
930 1794 1045 1872 legibus
1066 1826 1085 1839 -
1110 1794 1158 1852 52.
1182 1803 1282 1850 tamen
1300 1794 1325 1850 si
1342 1826 1361 1840 -
1384 1797 1607 1878 neglegenciam
1631 1793 1726 1866 1]ῐῦερ
1828 1855 1831 1864 ,

306 2000 401 2058 facitis
414 2027 431 2044 -
452 2008 605 2059 convertat
617 2029 637 2044 -
651 2001 682 2057 si
699 1996 882 2056 mehercules
895 2027 914 2043 ·
935 1996 1149 2078 contempnitis
1166 2027 1186 2045 -
1207 1996 1342 2072 faucibus
1362 2009 1448 2080 urget
1468 2000 1556 2058 italiae
1572 2033 1587 2044 -
1619 2019 1726 2058 censeo

308 2100 362 2186 ego
371 2104 530 2184 -pericula
536 2113 665 2165 venerat
679 2105 691 2162 i
706 2103 836 2185 snp.lin.
849 2135 865 2147 ·
878 2103 912 2160 in
923 2101 994 2162 ciris
1004 2133 1018 2146 ·
1032 2099 1119 2176 effeta
1128 2109 1286 2180 parentum
1301 2100 1412 2161 -bono
1426 2102 1551 2184 dignum
1562 2113 1634 2163 esset
1644 2137 1660 2149 ·
1671 2124 1728 2183 per

306 2207 436 2270 vindices
455 2228 553 2270 rerum
566 2240 585 2255 ·
606 2207 655 2272 55.
681 2229 772 2290 quam
795 2218 824 2267 et
846 2208 909 2288 ipse
926 2237 942 2252 κ·
966 2205 1089 2265 milibus
1107 2238 1126 2253 -
1141 2185 1294 2285 (circiter)
1310 2227 1436 2266 erasum.
1458 2228 1525 2289 pars
1538 2209 1570 2270 in
1595 2206 1723 2268 Gelliam

308 2319 522 2399 mansalpinam
539 2319 679 2381 discessus
690 2324 752 2376 erat
766 2347 782 2360 -
797 2323 941 2393 temptare
955 2343 971 2353 -
986 2311 1034 2372 58.
1045 2312 1078 2371 in
1089 2313 1196 2392 proelio
1209 2321 1252 2370 est
1266 2309 1430 2373 maximum
1444 2316 1611 2394 periculum
1620 2346 1633 2360 ·
1646 2314 1726 2392 (pla-

307 2425 378 2503 gula
392 2424 460 2503 195.
485 2423 708 2505 quarequitnr,
732 2419 816 2480 aliud
839 2419 1038 2502 fragmentum
1055 2417 1191 2506 Catilina
1212 2418 1364 2493 continet,
1386 2420 1458 2480 inde
1476 2443 1494 2480 a
1516 2441 1582 2501 cap.
1600 2421 1651 2494 46.
1672 2417 1726 2478 ns‘·

308 2547 366 2608 que
374 2527 413 2586 ad
422 2549 487 2609 cap.
495 2528 544 2590 51.
556 2549 574 2588 a
588 2525 785 2609 popularibus
796 2533 864 2605 conj
869 2525 1032 2602 urationis“
1045 2557 1061 2571 -
1073 2545 1107 2584 ex
1119 2543 1179 2607 qno
1187 2523 1387 2587 bassariantes
1395 2529 1513 2589 notavi:
1526 2527 1564 2586 de
1575 2527 1725 2592 lentulum

218 2705 221 2712 Δ
307 2633 412 2712 syllam
435 2645 523 2696 antea
539 2665 557 2682 -
578 2645 649 2694 ante
669 2634 737 2716 fuga
751 2642 892 2692 retractus
913 2611 1095 2691 -leniunda
1118 2664 1136 2679 -
1155 2633 1203 2692 uti
1222 2634 1389 2694 referatur·
1409 2643 1584 2716 potestatem
1606 2632 1727 2691 faciun-

307 2735 376 2798 dam
389 2771 408 2786 -
424 2739 585 2802 circuendo
602 2773 621 2788 -
641 2761 670 2806 o.
690 2735 740 2800 io.
762 2739 876 2798 Drusus
892 2739 995 2817 junius
1011 2741 1143 2822 syllanus
1158 2729 1177 2786 ι-
1194 2741 1348 2801 convictus
1359 2773 1375 2783 -
1397 2742 1444 2794 sin
1458 2739 1529 2814 qnia
1545 2738 1639 2797 levius
1657 2745 1728 2794 est-

306 2860 367 2901 ex·
381 2844 469 2906 rebus
488 2846 576 2906 bonis
590 2845 760 2904 domesticis
779 2853 844 2896 orte
865 2845 945 2894 sunt.
965 2836 982 2878 .‘
1002 2831 1120 2914 ignaros
1135 2843 1198 2911 ejus
1215 2835 1229 2880 ¹·
1257 2843 1381 2894 'necatos
1399 2834 1538 2914 algebant
1553 2869 1572 2883 -
1595 2849 1630 2897 ut
1650 2839 1724 2898 isin

305 2948 542 3027 proscriptorum
558 2973 574 2986 ·
596 2942 688 3022 Atqui
709 2959 764 3020 ego
778 2970 796 2981 -
816 2941 864 2996 lex
879 2935 981 2995 Porcia
997 2938 1120 3018 aliaeque
1132 2938 1210 3016 leges
1228 2946 1341 3016 paratae
1356 2948 1426 2996 sunt
1435 2978 1445 3012 ,
1465 2939 1574 3020 quibus
1589 2941 1726 3022 legibus—

307 3050 480 3128 dampnatis
496 3044 674 3127 permissum
696 3052 739 3100 est
756 3074 772 3084 -
792 3059 809 3096 a
830 3037 1029 3120 popularibus
1051 3040 1276 3117 conjurationis.
1378 3029 1382 3040 ⁸

388 3146 538 3229 Jngnrtha
571 3147 634 3205 sine
669 3141 759 3204 titulo
786 3173 803 3183 -
834 3163 931 3224 neque
961 3151 1057 3224 majus
1086 3163 1184 3226 neque
1208 3145 1403 3224 praestabilius
1432 3181 1451 3196 -
1484 3149 1578 3212 bonas
1610 3163 1687 3214 artes
1708 3186 1727 3201 -

308 3251 460 3316 diffluxere
483 3285 502 3300 -
530 3226 651 3332 culpam
679 3259 709 3311 et
728 3267 825 3308 mores
847 3281 864 3294 ·
893 3250 1032 3309 transfert
1053 3283 1069 3299 -
1099 3249 1138 3308 ad
1165 3242 1245 3308 nibil
1273 3253 1429 3332 profutura
1451 3287 1467 3300 ν
1488 3229 1648 3338 procerent
1669 3278 1725 3340 pro

309 3359 485 3422 mortalibus
508 3389 525 3401 -
550 3371 580 3418 2.
600 3377 693 3440 genus
717 3353 879 3414 hominum
899 3357 982 3413 -ita
1010 3374 1056 3414 res
1075 3366 1165 3416 cunte
1183 3390 1200 3402 -
1225 3355 1271 3416 ld
1293 3358 1406 3440 ingenii
1425 3392 1444 3409 -
1470 3365 1633 3444 omniaque
1662 3376 1727 3426 orta

309 3465 453 3532 occidunt
473 3496 489 3512 ·
516 3468 544 3526 5.
568 3473 662 3538 tenet,
683 3460 812 3542 impedit
826 3494 843 3507 -
871 3460 1128 3543 prateredundum
1155 3493 1174 3509 -
1203 3451 1399 3548 magistratus.
1431 3465 1487 3526 NB.
1513 3470 1615 3528 omnia
1643 3489 1724 3532 erasa
1773 3465 1775 3474 ⁴

309 3593 405 3654 usque
419 3569 458 3630 ad
471 3570 601 3656 adsequi.
621 3600 640 3619 ·
657 3569 792 3650 profecto
806 3589 833 3628 c.
843 3567 875 3640 4.
897 3569 1038 3630 ominum
1049 3601 1070 3616 -
1088 3573 1185 3648 majus
1196 3590 1258 3630 om.
1274 3603 1290 3617 -
1305 3574 1422 3631 exsocio
1443 3593 1511 3633 meo
1527 3605 1546 3620 ·
1569 3573 1606 3654 Q.
1622 3573 1726 3638 Moni-

310 3689 392 3740 mnm
412 3677 466 3738 Pu.
489 3698 550 3738 om.
567 3707 584 3720 -
602 3677 714 3738 seilicet
727 3695 789 3736 non
806 3694 860 3735 cro
880 3674 933 3736 illo
948 3705 965 3718 -
988 3675 1167 3757 probitatem
1191 3687 1221 3736 et
1243 3676 1422 3738 industriam
1445 3709 1463 3724 -
1489 3676 1618 3739 honores
1641 3680 1726 3740 noti-

310 3795 415 3846 centrtr
430 3817 447 3830 -
466 3783 555 3844 redeo
578 3783 608 3844 5.
631 3784 845 3866 quiametello
865 3781 963 3842 nobili
980 3782 1113 3844 edicatus
1136 3793 1180 3844 cst
1202 3787 1373 3844 consulatus
1394 3794 1424 3845 et
1448 3784 1542 3844 mario
1566 3781 1694 3866 ignobili
1708 3818 1726 3833 -

311 3901 383 3950 tunc
397 3892 530 3972 primum
543 3920 564 3938 ·
581 3889 734 3950 masinissa
747 3921 763 3936 ·
777 3891 866 3948 silam
882 3923 899 3933 -
921 3899 965 3947 set
978 3889 1098 3968 imperii
1109 3920 1128 3935 -
1146 3887 1316 3970 Deioipsa·
1340 3888 1527 3950 mastunabal
1540 3922 1556 3936 ·
1573 3890 1602 3954 6.
1617 3910 1681 3950 non
1696 3910 1726 3950 se

309 3998 383 4056 luxu
398 4016 495 4078 neque
517 4027 534 4044 -
555 4015 641 4058 carus
661 4005 723 4069 erat
739 4027 758 4042 -
781 3995 999 4057 adulescentem
1032 4028 1047 4041 -
1077 3995 1225 4076 intellegit
1256 4028 1277 4041 -
1305 3993 1343 4054 dt
1373 3993 1433 4056 boc
1458 3993 1557 4056 studia
1585 3993 1726 4054 numida-

228 4184 230 4188 Ι
311 4121 379 4160 rom
403 4131 421 4146 -
443 4122 473 4182 7.
494 4122 563 4162 cnm
583 4101 873 4182 prasidioequitum
904 4134 921 4147 -
950 4101 1037 4160 facile
1057 4120 1126 4160 enm
1150 4119 1325 4160 occasurum
1351 4135 1368 4146 -
1391 4102 1521 4182 praefecit
1549 4101 1683 4160 numidis
1708 4132 1727 4147 -

313 4208 453 4276 mitteret.
475 4207 528 4268 bat
547 4227 616 4290 sup.
644 4209 701 4269 tin.
725 4184 746 4254 ··'
773 4227 871 4288 neque
900 4207 1061 4266 consilium
1091 4225 1188 4288 neque
1220 4217 1400 4287 conceptum
1420 4239 1440 4254 ·
1468 4206 1534 4288 quis
1557 4205 1643 4266 rebus
1667 4202 1724 4265 sibi

313 4316 424 4378 multos
439 4345 455 4360 -
478 4316 509 4379 8.
529 4314 559 4376 Ρ.
578 4315 660 4398 cipio
681 4345 698 4365 -
722 4317 934 4396 nosmetipsom
953 4332 1045 4373 -cum
1072 4311 1166 4372 literis
1190 4331 1260 4372 eum
1279 4342 1298 4361 -
1323 4333 1352 4392 9.
1374 4313 1518 4394 gratulor.
1555 4307 1646 4374 babes
1682 4313 1729 4374 vi-

1400 4415 1424 4472 ὅτ
