4334 5354
1548 468 1552 484 ‘
1647 439 1720 522 355

369 681 472 758 Cod,
495 681 585 764 6756.
596 673 673 773 sol.
693 679 776 748 see.
798 671 864 753 'XI
865 680 909 750 V.
931 677 1045 749 Catil.
1068 689 1104 746 et
1123 683 1216 772 Jug.
1237 675 1329 746 liber
1349 674 1465 746 nitide
1484 674 1653 766 scrz'prtus.

392 849 458 910 Cat.
476 847 525 918 51.
544 847 657 910 Omnes
679 845 763 911 hom.
783 881 801 896 ·
817 850 862 910 ira
884 854 937 910 εἰει
958 851 1027 911 mis.
1049 884 1066 896 -
1085 851 1218 932 fecerunt
1234 882 1253 897 ·
1270 847 1520 934 Karthaginenses
1536 879 1555 896 -
1576 867 1673 930 quam
1688 849 1723 910 id

311 953 354 1038 qd
372 955 406 1016 in
422 956 491 1016 illos
507 987 524 1000 -
543 952 602 1016 hoc
620 955 691 1016 item
709 955 827 1038 prorid.
846 989 864 1003 -
880 977 930 1038 ap.
948 978 1000 1021 vos
1016 959 1113 1020 ualeat
1126 989 1146 1006 -
1159 957 1185 1017 si
1205 955 1329 1039 magnit.
1347 964 1517 1037 -exuperat
1536 987 1553 1000 -
1571 955 1722 1037 spoliari-

310 1063 391 1122 fama
409 1081 513 1122 eorum
530 1065 629 1124 -laata
644 1065 734 1124 multi
752 1093 770 1111 ·
791 1063 947 1125 iracundia
963 1086 996 1126 ea
1015 1065 1144 1146 imperio
1164 1099 1181 1111 ·
1201 1063 1339 1146 equidem
1362 1066 1405 1124 sie
1427 1084 1471 1124 ex.
1491 1062 1653 1122 -facinora
1672 1082 1724 1124 eo-

310 1188 379 1228 rum
399 1189 459 1229 esse
477 1202 493 1216 -
514 1171 610 1231 sevior
629 1171 690 1230 fnit
714 1203 732 1218 -
753 1170 929 1232 modestiam
949 1172 1006 1234 uiri
1033 1172 1095 1232 seio
1123 1206 1139 1218 -
1160 1189 1224 1232 non
1245 1181 1288 1232 est
1301 1192 1343 1230 m.
1362 1171 1423 1230 visa
1441 1168 1568 1230 erudelis
1584 1197 1601 1210 -
1617 1186 1724 1250 super-

209 1341 215 1348 ,
310 1294 438 1336 vacuum
461 1305 480 1322 ·
502 1281 664 1358 praesertim
687 1297 758 1337 enm
774 1297 927 1360 -possum
945 1287 975 1339 ct
995 1277 1092 1342 dicere
1111 1279 1145 1338 id
1164 1280 1231 1338 -in
1253 1297 1301 1337 eos
1322 1275 1492 1341 verberibus
1513 1309 1530 1322 -
1558 1294 1598 1334 an
1620 1273 1654 1333 id
1678 1293 1724 1356 eo,

311 1383 383 1462 quia
402 1385 526 1444 -vitam
545 1403 609 1443 non
630 1384 706 1466 eripi
724 1417 739 1430 -
761 1382 863 1446 sedin
879 1388 949 1460 erril⁴
969 1387 1051 1446 mitti
1070 1390 1179 1466 jubent
1195 1417 1213 1432 -
1238 1361 1324 1468 g'rare
1341 1394 1385 1444 est
1404 1415 1423 1430 -
1443 1384 1536 1446 levius
1551 1390 1596 1442 est
1614 1411 1632 1429 ·
1650 1379 1725 1462 quid

312 1488 452 1549 convenit
465 1522 481 1534 -
504 1489 538 1548 in
557 1491 668 1550 minori
694 1492 817 1573 negotio
840 1483 858 1538 ὲ
884 1494 918 1552 in
938 1493 1046 1574 majori
1065 1525 1085 1540 -
1111 1514 1146 1554 ex
1166 1493 1254 1553 bonis
1267 1492 1362 1552 'rebus
1376 1523 1399 1572 .-
1420 1491 1459 1551 ad
1476 1492 1595 1573 ignaros
1616 1488 1692 1551 cives
1708 1514 1725 1530 ·

232 1632 240 1640 ν
310 1592 581 1656 incondemnatam
602 1615 708 1658 necere
727 1630 743 1644 -
761 1607 913 1678 postremo
935 1619 1004 1680 vas,
1023 1600 1235 1660 vestimentum
1262 1633 1278 1645 -
1300 1599 1391 1659 utids
1409 1630 1429 1645 -
1445 1599 1478 1656 in
1498 1597 1555 1660 civ.
1577 1614 1685 1677 magna
1709 1627 1726 1640 -

310 1698 349 1757 ab
369 1702 458 1760 tuscis
475 1705 615 1784 pleraque
632 1714 703 1764 sunt
722 1737 739 1749 -
757 1702 819 1764 Sed
837 1704 942 1766 eodem
964 1715 1099 1787 tempore
1115 1713 1298 1785 -postremo
1319 1701 1374 1762 ubi
1392 1723 1470 1788 resp²
1488 1703 1620 1763 adolevit
1636 1719 1726 1760 -coe-

309 1825 380 1886 pere
399 1808 465 1868 fieri
481 1841 501 1854 .,
515 1807 578 1890 Ego
598 1805 677 1872 hdne
701 1831 821 1872 cansam
840 1844 857 1857 -
877 1816 974 1886 major
993 1813 1055 1867 illis
1076 1811 1135 1866 luit
1157 1835 1176 1856 -7
1194 1809 1301 1886 nequis
1319 1805 1356 1866 de
1372 1805 1430 1892 his.

393 1912 429 1977 C.
453 1916 502 1975 52.
522 1917 599 1974 alius
620 1918 674 1974 alii
696 1903 931 1973 assentiebantur
945 1941 964 1956 -
988 1929 1107 1970 meeum
1129 1911 1191 1988 ipse
1211 1921 1318 1990 reputo
1335 1939 1353 1954 -
1378 1919 1495 1986 parent.
1514 1943 1530 1955 -
1554 1909 1611 1968 aris
1630 1941 1649 1956 -
1670 1930 1726 1990 pa·

311 2015 375 2072 triac
393 2025 483 2094 atque
504 2017 577 2075 focis
600 2049 618 2061 -
641 2016 798 2076 malefacta
814 2046 832 2060 -
852 2013 907 2074 ubi
924 2015 1084 2076 evenerit·
1106 2012 1221 2074 tabulas
1242 2015 1337 2094 pluris
1356 2044 1375 2059 ·
1401 2020 1607 2092 quuseunque
1639 2012 1725 2072 modi

311 2127 383 2178 sunt
402 2127 470 2179 -et
487 2121 643 2182 malefacta
664 2117 874 2180 condonabam
896 2152 912 2166 -
932 2121 1021 2181 bonis
1042 2121 1186 2193 normalis
1205 2153 1222 2165 ·
1247 2115 1299 2178 sed
1318 2123 1402 2198 cnjus
1420 2114 1482 2178 haee
1501 2136 1620 2198 cunque
1639 2114 1725 2176 modi

310 2222 454 2286 ridentur
465 2255 483 2268 ·
502 2223 635 2286 bostium
653 2236 776 2288 ventura
797 2227 860 2290 sint
878 2259 896 2274 -
918 2248 984 2292 roc.
1005 2247 1105 2290 rerum
1127 2260 1146 2275 -
1165 2228 1199 2288 in
1218 2223 1356 2288 custodia
1373 2223 1527 2285 habendos
1540 2255 1557 2269 ·
1576 2243 1615 2282 ne
1632 2242 1724 2284 romae

312 2330 339 2388 si
360 2329 422 2388 sint
443 2361 459 2375 -
480 2340 511 2390 et
530 2332 644 2392 scelesti
659 2361 677 2374 ·
691 2329 822 2392 minores
840 2345 913 2394 sunt
930 2368 945 2379 -
965 2332 1043 2394 mibi
1062 2331 1205 2414 vobisque
1224 2333 1330 2393 timere
1343 2365 1360 2377 -
1381 2329 1518 2391 habitote
1537 2328 1575 2389 de
1595 2330 1724 2419 exercitu

315 2433 470 2496 Catilina·
486 2457 520 2496 ea
533 2437 899 2520 agitis-pulcerrimam-
918 2439 1079 2500 discrimen
1090 2447 1134 2500 est
1144 2441 1292 2500 nullum·
1306 2445 1459 2498 arcessunt
1469 2468 1488 2483 -
1505 2457 1574 2501 cum
1594 2435 1724 2495 exercitu

314 2557 404 2620 supra
419 2553 509 2622 caput
526 2553 571 2604 est
587 2579 603 2591 -
621 2553 650 2605 et
673 2527 817 2628 debitatis
838 2578 855 2596 ·
882 2542 1074 2628 deprebensis
1099 2544 1213 2608 civibus
1228 2578 1247 2593 -
1274 2542 1325 2604 sed
1343 2553 1442 2604 tamen
1460 2541 1569 2614 timeo,
1603 2561 1641 2600 ne
1665 2541 1723 2598 ista

314 2645 399 2708 robis
415 2680 434 2695 -
452 2662 639 2712 convertatur
661 2686 678 2700 -
697 2652 837 2716 videlieet
854 2652 912 2714 diis
933 2654 989 2718 im.
1010 2685 1028 2701 -
1055 2654 1114 2736 rig.
1139 2649 1343 2725 consulendo,
1364 2649 1441 2708 bene
1456 2647 1573 2729 agendo
1588 2681 1604 2693 -
1630 2645 1725 2704 tradi·
1821 2657 1822 2662 ’

315 2749 391 2812 deris
414 2763 442 2815 te
457 2788 476 2804 ·
491 2757 592 2818 infesti
609 2761 738 2840 iratique
757 2769 828 2820 sunt
845 2760 962 2834 -jussit
976 2760 1077 2816 necari
1094 2789 1108 2802 ·
1126 2769 1221 2814 cetera
1238 2757 1300 2815 vita
1318 2772 1422 2813 eorum
1441 2784 1460 2799 ·
1485 2753 1556 2813 lecit
1576 2752 1693 2815 bellum
1709 2785 1724 2798 ·

312 2858 348 2917 in
362 2859 495 2918 saucibus
509 2891 528 2908 ··
543 2880 648 2949 censeo
671 2880 725 2943 ego
746 2895 762 2906 -
781 2860 834 2940 qui
851 2858 967 2934 indicio
981 2859 1122 2920 vultnrcii
1138 2859 1188 2916 titi
1204 2858 1351 2932 -aliaque
1368 2855 1445 2912 feda.

374 2963 445 3044 Jng.
466 2966 516 3026 85.
537 2975 567 3024 et
583 2966 693 3024 virtute
706 2993 725 3010 -
739 2964 877 3042 intelligo
890 2960 969 3020 illud
981 2993 998 3006 -
1013 2981 1080 3020 mea
1095 2959 1241 3018 beneficia
1251 2993 1263 3006 -
1283 2955 1444 3018 invadendi
1462 2977 1540 3018 me·
1556 2959 1696 3023 simulare
1709 2994 1728 3011 ··
1745 2971 1748 2976 '

313 3068 348 3126 in
363 3064 486 3144 optimis
507 3065 640 3124 moribus
659 3099 676 3112 -
698 3075 835 3126 naturam
852 3068 936 3127 venit
958 3080 988 3110 ··
1003 3085 1073 3124 cum
1096 3070 1159 3145 jug.
1180 3083 1278 3145 gerere
1295 3095 1312 3108 -
1334 3061 1475 3144 superbia
1493 3061 1649 3124 hominem
1669 3082 1727 3128 no-

314 3189 386 3229 rum
409 3202 425 3214 -
445 3167 582 3229 inrident
599 3167 727 3242 honori,
750 3187 820 3250 ergo
836 3167 933 3229 labori
958 3189 1025 3229 meo
1044 3168 1197 3242 inrident,
1214 3179 1244 3228 et
1265 3169 1446 3230 innocentiae
1466 3171 1607 3251 perieulis
1622 3174 1695 3232 meis
1712 3205 1729 3220 -

315 3275 485 3356 ignaviam,
505 3277 708 3352 voluptutem,
731 3305 749 3321 ·
773 3275 816 3333 ita
834 3293 879 3335 res
897 3295 927 3336 se
948 3272 1064 3336 habet·
1086 3276 1266 3338 vitreorum
1287 3309 1304 3320 -
1322 3287 1438 3337 tantum
1457 3261 1601 3340 herumss
1627 3289 1728 3361 poste·

316 3382 356 3442 ris
371 3383 493 3457 lumen,
513 3403 612 3463 neque
630 3413 648 3430 ·
664 3381 708 3442 rei
721 3382 857 3463 inopiam
871 3383 971 3463 patior
986 3413 1002 3428 -
1022 3381 1081 3442 sibi
1099 3382 1203 3442 virtuti
1213 3381 1410 3444 -facundiam
1426 3367 1648 3464 eteomp.-ros
1664 3405 1727 3447 me·

318 3507 377 3568 que
391 3519 409 3534 -
427 3491 599 3550 lacesserent
614 3523 630 3535 -
649 3490 750 3571 equid.
770 3509 833 3549 non
851 3489 1049 3572 ignoroego-
1066 3489 1198 3548 exomni
1219 3490 1367 3549 sententia
1384 3521 1403 3538 ·
1422 3499 1487 3570 pot.
1505 3488 1604 3549 ledere
1619 3524 1635 3536 -
1653 3493 1727 3552 falsa

236 3589 242 3602 ⁴
316 3593 379 3652 rita
398 3623 417 3640 -
434 3592 506 3652 fidei
526 3594 670 3678 imagines
690 3627 708 3644 -
730 3594 843 3656 hastam
858 3627 877 3642 -
898 3593 1035 3676 pluribus
1058 3591 1210 3655 laboribus
1226 3627 1246 3642 -
1268 3595 1358 3656 rerba
1381 3615 1486 3676 parum
1510 3595 1639 3675 -ipsam
1652 3629 1670 3643 -
1690 3605 1727 3657 ut

237 3729 241 3737 ¹
316 3701 417 3779 turpia
437 3709 538 3783 tegant
553 3735 569 3748 -
590 3701 701 3764 discere
724 3725 788 3786 quae
806 3735 824 3749 -
846 3701 894 3765 his
916 3703 1007 3786 igitur
1026 3705 1177 3784 praeceptis
1195 3703 1278 3764 hort.
1299 3702 1406 3762 milites
1425 3747 1440 3762 .
1462 3721 1518 3762 nec
1538 3701 1607 3762 illos
1629 3713 1691 3763 arte
1710 3735 1725 3751 -

318 3817 348 3866 te
368 3827 400 3888 p.
420 3808 585 3868 molliciem
604 3841 623 3856 -
644 3829 668 3874 r.
685 3832 716 3891 p.
739 3810 920 3875 celebravere
938 3842 956 3856 ·
979 3815 1086 3892 procul
1102 3822 1186 3872 erant
1205 3843 1223 3860 -
1242 3812 1312 3894 lieet
1329 3810 1464 3871 confiteri
1484 3841 1500 3855 ·
1515 3819 1545 3869 et
1559 3808 1625 3867 aliis
1637 3827 1727 3868 sano·
1755 3841 1757 3844 ·

319 3913 383 3974 tis·
403 3914 555 3984 mulierib.
572 3917 739 3977 mundicias
754 3949 772 3966 -
791 3920 859 3997 plus
877 3915 1000 3978 honoris
1022 3939 1112 4000 quam
1134 3918 1304 3980 divitiarum
1314 3959 1326 3994 ‚
1341 3908 1457 3978 arma·
1476 3914 1597 3998 qnidem
1615 3921 1726 3995 juvat·

318 4019 497 4098 jocundiora
520 4033 592 4084 sunt
617 4057 633 4069 -
659 4023 811 4104 paneade
835 4043 866 4085 re
889 4056 907 4072 -
936 4025 1076 4085 exercitus
1094 4035 1139 4085 cst
1164 4040 1185 4071 -“
1208 4023 1316 4108 quibus
1335 4033 1378 4085 est
1398 4056 1416 4072 ·
1435 4026 1604 4098 consultor,
1629 4021 1726 4084 socius

319 4127 445 4208 periculi
467 4161 483 4172 -
507 4149 555 4188 me
571 4149 683 4210 vosque
701 4164 717 4175 -
744 4129 801 4191 diis
819 4129 992 4210 juvantibus
1015 4162 1033 4179 ·
1054 4131 1148 4193 factus
1171 4141 1213 4193 est
1230 4160 1248 4180 ι
1276 4131 1325 4214 93.
1351 4129 1563 4197 animadvertit
1587 4161 1605 4177 -
1625 4127 1725 4209 plani·

320 4230 396 4294 ciem
413 4234 569 4316 perscribit
585 4269 601 4282 ·
623 4247 735 4297 erectus
757 4247 809 4298 est.

1412 4346 1439 4396 ἦ
