4282 5390
389 519 517 612 ,7θ

462 702 544 770 Liv:
553 726 580 767 ι.
590 724 627 784 93
640 701 754 768 Daris.
760 703 803 764 ad
815 701 895 762 Caes.
905 717 933 760 1.
942 697 1002 788 463
1018 695 1046 758 8.
1058 694 1098 772 48
1105 720 1115 772 3
1129 691 1238 778 quasi
1238 691 1400 778 primum
1410 691 1878 774 reddideris.redderecon·

459 810 614 876 sulatum
624 810 717 872 idem
728 807 799 870 fere
810 812 859 866 est
870 806 965 885 quod
975 801 1137 865 abdicare
1146 823 1181 867 se
1193 805 1386 881 consulatu3
1406 804 1533 866 sedita
1549 813 1588 886 ut
1598 807 1701 868 simul
1713 817 1852 876 notetur
1867 856 1879 889 ,

362 895 366 907 ¹
460 916 659 999 reipublicae
671 909 834 972 traditum
846 928 918 971 esse
930 909 1169 971 etlibertatem
1181 909 1314 970 habere
1330 909 1391 971 alii
1407 908 1619 972 conferendi.
1643 913 1709 974 Sed
1726 916 1875 997 Lepidus

459 1027 534 1088 erat
542 1038 606 1099 pro
618 1014 759 1078 consule
770 1036 848 1078 cum
860 1015 1025 1099 imperio,
1040 1022 1073 1076 et
1083 1015 1201 1080 omnia
1213 1033 1274 1077 suo
1284 1016 1430 1089 arbitrio
1439 1018 1575 1102 agebat,
1590 1019 1689 1098 quasi
1703 1038 1876 1086 summum

456 1140 566 1206 penes
582 1141 617 1183 se
632 1131 717 1185 esset
729 1121 937 1205 imperium,
962 1122 1212 1201 consulu-mque
1228 1121 1411 1184 auctoritas
1420 1142 1543 1206 parum
1555 1133 1674 1184 contra
1685 1145 1720 1188 se
1730 1128 1877 1204 valeret,

458 1227 568 1311 igitur
582 1247 653 1288 non
665 1227 895 1289 reddiderat.»
916 1228 1069 1310 Cortius,
1087 1230 1147 1290 sed
1159 1229 1284 1294 rectius
1299 1245 1341 1291 eo¹
1353 1228 1494 1311 referas,
1515 1231 1609 1309 quod
1624 1248 1736 1310 neque
1753 1233 1879 1295 solem-

458 1321 551 1396 niter
569 1355 606 1404 sc¹
622 1335 802 1398 consulatu
819 1332 1051 1416 abdicaverat,
1072 1336 1167 1414 quod
1177 1334 1284 1396 moris
1301 1342 1390 1416 erat,
1406 1344 1438 1396 et
1452 1334 1556 1395 etiam
1569 1343 1656 1419 tum,
1671 1335 1778 1399 nullis
1790 1357 1875 1400 con·

459 1441 593 1502 sulibus
614 1441 751 1522 creatis,
771 1440 825 1518 jus
845 1448 878 1502 ct
896 1448 1099 1523 potestatem
1120 1441 1271 1502 consulis
1290 1441 1486 1524 usurpabat.
1499 1462 1611 1527 perge
1627 1461 1699 1522 qua
1715 1450 1874 1522 coeptas.

457 1545 532 1609 haec
550 1545 656 1606 Codd.
681 1543 806 1626 lectio,
829 1565 905 1624 quae
922 1541 998 1622 jam
1015 1545 1054 1606 in
1074 1545 1228 1608 editione
1245 1549 1377 1611 Veneta
1394 1565 1551 1629 expressa
1573 1550 1633 1608 sed
1654 1568 1674 1610 a
1695 1545 1873 1628 prioribus

458 1651 616 1734 neglecta
638 1657 698 1711 est.
726 1645 859 1710 merita
878 1669 944 1711 vox
971 1650 1087 1712 media
1113 1655 1205 1733 apud
1221 1652 1409 1720 Salustium
1427 1649 1499 1713 hon
1517 1650 1632 1716 minus
1647 1673 1710 1734 pro
1731 1652 1875 1735 praemio

297 1769 300 1782 '
415 1748 416 1752 ¹
443 1776 562 1838 ⁵quam
573 1777 636 1837 pro
650 1775 751 1838 poena
765 1754 900 1816 dicitur.
917 1756 977 1816 cfr.
986 1758 1063 1839 Jug.
1075 1777 1141 1818 100.
1152 1757 1303 1838 laudare,
1319 1758 1497 1840 increpare
1509 1757 1682 1820 merentis.
1699 1753 1876 1839 praesidia

461 1861 617 1925 deducta
638 1869 748 1940 atque
768 1858 953 1944 imposita,
977 1865 1049 1924 haec
1071 1864 1286 1930 hauddubie
1312 1873 1392 1926 sunt
1412 1863 1585 1947 apposita,
1607 1863 1732 1944 quibus
1749 1861 1876 1946 Lepidi

458 1955 636 2030 licentiam
655 1967 810 2030 acerbius
829 1978 972 2032 notaret.
988 1967 1138 2054 paratis
1147 1965 1213 2054 (et)
1236 1980 1376 2052 quanto
1390 1971 1601 2060 mehercule.
1617 1968 1791 2052 Copulam
1798 1971 1874 2036 Vat

460 2091 490 2133 1.
504 2091 532 2135 2.
553 2075 730 2158 ignorant,
751 2098 818 2155 qua
840 2077 964 2139 omissa
987 2079 1098 2139 oratio
1120 2079 1159 2138 fit
1180 2078 1366 2139 incitatior.
1389 2073 1582 2158 Numqui·
1565 2074 1700 2137 -ait-
1721 2069 1875 2139 retinet

409 2243 412 2249 ,
457 2185 592 2260 censet,
614 2199 803 2294 perperam
809 2181 948 2260 Douza
939 2202 976 2239 1n
996 2183 1167 2260 pluralem
1188 2202 1370 2244 numerum
1386 2182 1545 2256 mutavit3
1568 2200 1644 2239 cum
1665 2171 1717 2238 nil
1744 2177 1787 2239 sit
1804 2177 1877 2240 usi·

455 2281 577 2358 tatius,
601 2303 704 2363 quam
738 2281 803 2364 qui
826 2292 890 2368 'pro
921 2284 1118 2364 quicunque
1141 2283 1237 2365 poni.
1262 2279 1469 2362 patiamini
1492 2290 1622 2342 censet.
1652 2282 1713 2344 cfr.
1737 2286 1816 2345 Caes.
1838 2285 1874 2370 Β.

456 2385 586 2450 Gall.1.
603 2391 662 2466 353
683 2393 717 2449 Β.
736 2390 806 2450 Civ.
830 2413 855 2451 1.
877 2393 931 2466 673
955 2391 1022 2449 Cic.
1044 2389 1134 2448 Phil.
1151 2393 1181 2453 3.
1200 2388 1259 2447 fin.
1281 2387 1347 2446 Ita
1368 2383 1426 2447 illi
1450 2407 1477 2446 a
1497 2385 1594 2448 vobis
1609 2409 1755 2472 pacem,
1773 2384 1874 2452 uobis
1978 2453 1980 2456 ,

456 2491 501 2554 ab
534 2489 599 2554 illo
633 2494 764 2552 bellum
802 2488 947 2562 suadet3
969 2489 1083 2546 simile
1113 2488 1359 2547 Plautinum
1349 2509 1393 2547 in
1418 2487 1708 2574 Menaechmis,6.
1733 2517 1768 2555 2:
1790 2496 1874 2580 hinc

454 2606 539 2676 stas,
568 2594 667 2652 illinc
690 2609 825 2652 causam
857 2590 959 2664 dicis;
991 2590 1044 2651 vis
1077 2593 1255 2671 sententia²
1283 2612 1355 2654 non
1380 2593 1510 2655 tamin
1539 2598 1873 2679 oppositis'pacem·

345 2764 351 2772 ,
457 2699 590 2760 bellum
615 2698 776 2778 vertitur,
798 2718 901 2776 quam
923 2719 960 2757 1n
978 2696 1104 2757 additis
1126 2697 1413 2781 pronominibus,
1436 2720 1552 2762 sensus
1571 2712 1637 2764 est
1661 2703 1874 2769 illiavobis
1949 2705 1954 2710 ’

454 2820 574 2920 pacem
589 2811 739 2884 praestat,
762 2801 898 2862 vobis
888 2824 1038 2866 inermos
1065 2804 1121 2865 illi
1143 2805 1255 2866 tradit.
1283 2805 1324 2867 Si
1346 2814 1456 2868 tanta
1477 2808 1639 2912 torpedo.
1660 2808 1740 2872 vide
1761 2811 1870 2874 infra.
1921 2889 1924 2894 ,
1993 2879 1997 2884 ,

456 2903 496 2966 in
521 2906 614 2967 Orat.
647 2907 758 2966 Licin.
789 2909 977 2991 Occupavit
1004 2931 1064 2972 vos
1089 2912 1208 2973 nescio
1242 2931 1317 2992 quae
1350 2914 1509 2992 torpedo,
1531 2907 1593 2987 qui
1616 2935 1729 2992 neque
1758 2916 1871 2996 gloria

456 3011 664 3091 movemini,
685 3032 797 3091 neque
818 3014 959 3097 flagitio.
980 3018 1057 3078 Tac.
1078 3019 1206 3080 Hister.
1229 3023 1257 3078 3.
1281 3021 1330 3078 63.
1353 3024 1446 3078 tanta
1468 3016 1636 3096 torpedo
1625 3029 1797 3079 invaserat
1814 3019 1872 3084 Vt

380 3157 382 3160 -
456 3115 548 3176 tellii
572 3115 737 3183 animum.
767 3126 810 3178 ut
835 3116 943 3181 obliti
966 3125 1142 3184 scelerum
1163 3121 1293 3186 Cinnae
1322 3122 1381 3183 cfr.
1401 3123 1547 3202 Appian.
1577 3124 1619 3183 de
1645 3122 1727 3184 bell.
1748 3123 1818 3189 Ciu.
1842 3148 1870 3188 1.

456 3221 591 3299 64—753
618 3221 724 3285 decus
753 3220 863 3310 hujus
890 3222 1047 3311 ordinis,
1079 3228 1243 3290 interiere
1273 3247 1352 3286 cum
1377 3225 1439 3285 alii
1467 3225 1586 3310 multi,
1608 3235 1679 3288 tum
1707 3229 1869 3293 Octavius
1905 3259 1907 3262 ·

457 3326 602 3409 Consul,
633 3328 670 3387 L.
690 3329 824 3388 Merula
846 3341 941 3411 pont.
963 3321 1051 3394 max.
1076 3337 1111 3396 C.
1145 3343 1178 3395 et
1201 3335 1239 3397 L.
1263 3330 1378 3393 Julius
1404 3337 1564 3416 Caesares,
1598 3333 1723 3401 Atilius
1752 3337 1868 3400 Serra-

454 3451 534 3515 nus,
556 3435 591 3494 1³.
609 3433 792 3510 Lentulus,
821 3436 857 3495 C.
874 3438 1102 3522 Numitorius,
1133 3442 1180 3498 M.
1198 3436 1349 3518 ssaebius,
1372 3439 1510 3498 Crassus
1526 3446 1561 3498 ,et
1579 3438 1765 3524 Antonius,
1789 3461 1868 3504 ora-

454 3545 547 3600 tores
570 3538 798 3620 nobilissimi,
825 3549 858 3600 et
885 3543 919 3602 C.
942 3545 1098 3606 Lutatius
1125 3542 1265 3614 Catulus
1292 3539 1353 3602 cfr.
1374 3542 1460 3624 App.
1483 3541 1507 3602 l.
1529 3541 1554 3602 l.
1583 3538 1737 3627 Cethegi
1752 3551 1866 3648 atque

456 3640 534 3707 alia
553 3640 801 3722 proditorum
833 3647 870 3706 P.
899 3649 1088 3735 Cethegum
1121 3645 1287 3728 intelligit
1314 3645 1409 3722 eujus
1437 3645 1597 3707 meminit
1617 3649 1701 3712 Val.
1724 3649 1813 3711 Max.
1833 3673 1863 3731 9.

455 3763 535 3825 2093
557 3753 591 3807 el
609 3746 698 3810 Plut·
715 3747 755 3811 V·
778 3750 858 3810 Luc
879 3749 942 3812 5·
926 3779 1090 3847 οκροιτων
1102 3777 1173 3821 τοτε
1193 3778 1249 3835 της
1260 3749 1430 3830 achirone
1443 3749 1500 3820 τῶ
1503 3737 1585 3844 aspie
1601 3737 1700 3846 χάριν
1719 3737 1865 3826 ineam
1915 3848 1921 3856 Ὀ

390 3897 393 3904 ·
454 3846 513 3918 mi
532 3834 643 3940 ,λέγειν
662 3851 721 3922 καὶ
739 3838 890 3946 affuissent
911 3873 981 3934 Cic
995 3877 1115 3934 parad
1134 3876 1162 3936 5.
1178 3879 1212 3950 5;
1233 3874 1405 3956 «Cethego
1419 3871 1558 3934 homini
1578 3893 1650 3934 non
1663 3877 1864 3958 probatissi-

454 3985 530 4048 me,
556 3971 683 4034 servire
711 3994 764 4036 res
792 3974 903 4057 coegit
929 3995 1003 4056 eos,
1035 3979 1097 4064 qui
1127 3978 1195 4038 sibi
1226 3977 1436 4058 amplissimi
1473 3978 1697 4055 videbantur3
1726 3983 1862 4044 mittere

453 4089 617 4150 munera,
634 4084 733 4136 nocte
746 4080 864 4140 venire
881 4083 1021 4140 domum
1038 4083 1081 4138 ad
1101 4099 1197 4159 eum,
1217 4081 1367 4163 precari,
1386 4081 1536 4162 denique
1547 4083 1772 4168 supplicare»
1791 4083 1862 4146 Eti-

452 4195 509 4238 am
526 4177 692 4240 Asconius
710 4181 849 4242 Pedian.
873 4185 1062 4244 Comment.
1080 4180 1119 4242 in
1140 4183 1208 4243 Cic.
1226 4184 1333 4246 Oratt.
1347 4207 1388 4268 p.
1416 4191 1483 4248 113.
1512 4189 1602 4249 Edit.
1621 4191 1726 4271 Lugd.
1746 4191 1860 4253 Batav.

457 4283 546 4369 1644.
568 4281 884 4373 factionis-Cethegi
905 4294 1149 4350 commemorat
1157 4313 1167 4361 3
1187 4288 1246 4349 cfr.
1268 4289 1336 4354 Cic.
1352 4281 1443 4353 Bru't.
1462 4295 1520 4368 483
1541 4292 1635 4368 ..ejus
1657 4294 1799 4374 aequalis
1821 4297 1859 4362 P.

453 4389 640 4483 Cethegus,
663 4391 719 4454 cui
735 4395 778 4456 de
799 4391 978 4476 republica
998 4391 1079 4454 satis
1094 4393 1337 4477 suppeditabat
1357 4390 1486 4482 oiatio,
1514 4405 1622 4462 totam
1641 4399 1736 4464 enim
1761 4407 1856 4468 teue-
