4282 5390
421 513 467 566 22

505 689 637 753 Eodem
658 683 797 769 annoti)
825 683 871 746 M.
895 679 1067 744 Antonius
1090 678 1261 764 Creticus,
1281 674 1463 742 clarissimi
1482 677 1630 744 oratoris
1652 679 1760 768 filius,
1782 686 1829 748 M.

418 795 563 859 Antonii
587 791 761 856 triumviri
775 796 890 874 pater,
911 789 1017 851 Cottae
1038 785 1190 850 consulis
1203 782 1314 871 gretia
1330 790 1364 850 et
1382 781 1534 850 faotione
1549 787 1702 874 Cethegi
1710 787 1830 861 infim.

417 906 491 963 tum
516 899 701 984 imperium
725 895 764 956 in
786 911 905 957 omnes
932 911 1008 955 oras
1031 891 1222 956 maritimas
1248 896 1367 953 nactus
1387 895 1447 954 est.
1467 889 1536 952 Act.
1551 891 1597 958 II.
1615 890 1655 954 in
1674 897 1769 958 Verr.
1784 897 1829 960 11.

417 1002 446 1064 3.
469 1003 630 1086 Quicum
646 999 756 1062 multa
770 1006 891 1063 contra
911 998 1083 1063 sociorum
1097 998 1261 1081 salutem,
1284 996 1394 1060 multa
1409 1005 1529 1060 contra
1549 996 1737 1062 utilitatem
1749 1019 1831 1083 pro-

417 1104 611 1171 vinciarum
628 1112 663 1168 et
686 1099 814 1168 faceret
834 1112 868 1168 et
888 1103 1056 1189 cogitaret
1074 1103 1142 1166 Cic.
1168 1104 1241 1166 Act.
1262 1105 1305 1168 II.
1327 1103 1366 1166 in
1384 1091 1480 1170 Verr.
1498 1107 1528 1171 3.
1546 1124 1596 1182 91.
1610 1109 1670 1182 ’93.
1691 1108 1831 1171 tandem

416 1213 550 1274 Cretam
572 1210 721 1273 insulam
740 1209 882 1288 invasit,
904 1221 983 1272 cum
1003 1209 1139 1295 ingenti
1159 1207 1301 1292 quidem
1317 1207 1471 1274 'victoria
1491 1228 1551 1291 spe
1571 1209 1830 1295 atquefiducia,

415 1318 502 1379 adeo
522 1324 561 1379 ut
574 1315 691 1401 plures
705 1323 841 1380 catenas
858 1327 961 1398 quam
979 1335 1074 1378 arma
1088 1322 1254 1400 portaret,
1281 1314 1377 1380 dedit
1392 1313 1501 1401 igitur
1514 1333 1632 1398 poenas
1649 1315 1829 1381 vecordia.

414 1423 501 1484 Nam
521 1422 703 1506 plerasque
721 1441 824 1488 naves
840 1423 1051 1507 intercepere
1067 1425 1182 1486 hostes
1198 1421 1399 1505 captivaque
1421 1440 1566 1506 corpora
1585 1421 1730 1506 religata
1743 1421 1830 1486 velis

414 1546 453 1589 ac
463 1525 605 1589 funibus
619 1529 831 1610 pependerc3
852 1548 892 1591 ac
902 1527 1171 1593 sicvelificantes
1184 1513 1480 1613 triumphantium
1490 1526 1527 1590 in
1542 1529 1701 1610 modum,¹
1715 1529 1831 1591 Cretes

404 1631 571 1716 ‘portibus
583 1631 653 1694 suis
667 1634 975 1719 adremigavcrunt.
996 1635 1085 1699 Flor.
1097 1636 1158 1698 III.
1173 1655 1202 1716 7.
1223 1635 1291 1697 Sed
1306 1637 1428 1697 ducem
1439 1635 1636 1697 Romanum
1650 1631 1689 1695 in
1703 1631 1829 1697 mediis
1898 1690 1902 1694 .
1945 1623 1951 1640 “
2007 1701 2010 1710 ‚
2063 1671 2068 1680 ·

416 1735 488 1813 ejus
507 1737 661 1826 imperiis
678 1747 712 1802 et
732 1740 979 1826 cupiditatibus
997 1759 1092 1806 mors
1116 1739 1295 1824 oppressit.
1316 1740 1389 1808 Cic.'
1405 1737 1540 1810 Verrin.
1563 1742 1593 1801 3.
1609 1757 1661 1817 91.

413 2057 530 2158 priore
558 2099 650 2144 anno
677 2099 698 2143 a
727 2080 870 2158 Metelle
897 2081 940 2144 de
972 2069 1131 2162 hostibus
1158 2053 1371 2168 reportatas,
1404 2073 1509 2139 multi
1540 2077 1635 2138 haud
1657 2071 1762 2136 dubie
1784 2073 1829 2133 de
1933 2067 1935 2072 ’

412 2177 556 2240 Sertorii
578 2177 681 2239 rebus
697 2178 937 2262 desperabant,
959 2181 992 2238 et
1010 2179 1055 2238 ad
1072 2175 1175 2238 illum
1192 2171 1407 2238 deficiebant.
1428 2175 1489 2237 cfr.
1510 2181 1596 2260 App.
1616 2179 1652 2235 B.
1664 2179 1701 2232 C.
1713 2173 1741 2232 I.
1760 2191 1829 2232 ιιι.

413 2271 580 2345 Praeterea
596 2283 718 2345 eodem
733 2288 888 2367 tempore
905 2281 1066 2344 Metellus
1072 2278 1134 2356 ,si
1150 2277 1230 2359 quis
1242 2277 1433 2336 Sertorium
1445 2274 1688 2349 interfecisset,
1709 2291 1830 2360 magna

411 2387 554 2472 praemia
580 2394 821 2469 proposuerat,
841 2389 936 2474 unde
969 2383 1119 2464 suspicio
1150 2378 1305 2463 perfidiae
1330 2379 1423 2460 apud
1449 2375 1640 2443 Sertorium
1658 2385 1753 2442 mota
1770 2387 1830 2444 est.

413 2493 571 2556 Ceterum
584 2487 789 2554 Debrossius
808 2485 853 2544 ad
870 2484 966 2544 hunc
981 2481 1240 2565 expeditionum
1250 2501 1381 2568 annum
1396 2481 1569 2568 pertinere
1585 2481 1732 2568 iudicat,
1752 2492 1829 2566 quta

413 2595 506 2680 apud
525 2592 731 2660 Frontinum
753 2590 780 2649 Ι.
804 2609 851 2650 ιι.
874 2602 904 2662 4.
937 2593 971 2649 et
995 2585 1064 2648 Jul.
1089 2586 1216 2668 Obscq·
1246 2603 1316 2656 ιιι.
1340 2587 1514 2673 leguntur.
1541 2589 1670 2653 Eodem
1699 2586 1828 2655 referre

411 2700 495 2761 licet
509 2695 670 2759 Frontini
686 2693 921 2757 narrationem
929 2689 991 2756 111.
1002 2714 1032 2774 7.
1046 2693 1075 2754 3.
1090 2689 1128 2780 id
1145 2693 1240 2774 quod
1253 2691 1434 2759 confirmat
1446 2693 1620 2779 Appianus
1632 2687 1826 2758 his'terbis:

414 2789 530 2882 πᾶλεις
541 2794 570 2870 δ’
581 2797 682 2872 αὐτοῦ
690 2792 830 2878 πολλαὶς
848 2781 1023 2892 ἐπέτρεχον
1042 2795 1070 2868 οἱ
1090 2792 1163 2892 περὶ
1184 2784 1237 2869 τᾶν
1255 2782 1424 2873 Mt'rsddst
1442 2807 1503 2877 cfr.
1516 2808 1601 2892 App.
1615 2810 1650 2870 Β.
1668 2811 1705 2871 C.
1720 2811 1746 2870 Ι.
1760 2828 1828 2871 ιιι.

413 2911 578 3001 praeterett
595 2912 753 2978 Strabon.
771 2913 851 2975 Rer.
871 2909 1064 2998 Geograph.
1078 2911 1138 2973 ΠΙ.
1161 2925 1191 2990 4.
1217 2915 1287 2975 261.
1308 2915 1369 2977 Ed.
1386 2903 1531 2978 'rauche
1551 2911 1610 2985 aas}
1629 2899 1828 3010 zcyo'ssptya

413 3023 442 3102 i*
462 3028 515 3108 tet
542 3028 604 3102 τῶν
622 3011 827 3126 Κελτιβήρων
855 3014 957 3110 πέλας
973 3027 1033 3100 καὶ
1052 3019 1204 3124 Βίλβιλις
1230 3027 1304 3126 περὶ
1322 3013 1366 3112 ἃς
1393 3013 1562 3114 Μέτελλοὲ
1578 3031 1638 3108 καὶ
1658 3020 1828 3132 Σερτώριος

414 3134 641 3248 ἐπολέμησαν.
678 3227 682 3234 ,
1511 3183 1516 3188 ·
1571 3141 1575 3146 ’

465 3303 469 3310 ·
492 3285 529 3369 ⁰)
547 3285 616 3350 Cir.
637 3287 759 3350 Asson.
783 3286 924 3351 Pedian.
944 3287 983 3351 in
997 3285 1148 3352 Divinat.
1170 3312 1205 3373 p.
1219 3294 1270 3371 37.
1292 3290 1465 3375 ,Quidam
1480 3292 1668 3376 Antonius,
1688 3301 1827 3360 curator

406 3392 521 3462 'tutius
539 3411 608 3457 orae
629 3392 810 3458 maritimae
837 3395 989 3472 tuendae,
1010 3413 1079 3478 qua
1102 3398 1300 3458 Romanum
1316 3404 1389 3459 erat
1405 3397 1607 3480 imperium,
1627 3418 1699 3464 non
1712 3399 1827 3465 solum

414 3496 489 3582 ipse
508 3517 675 3582 nequam,
706 3520 827 3565 verum
848 3500 953 3566 etiam
971 3500 1156 3565 comitibus
1169 3499 1349 3583 pessimis,
1376 3519 1451 3563 rem
1470 3500 1663 3562 inauditam
1681 3503 1825 3588 invasit,

415 3608 449 3665 et
462 3602 603 3667 indicto
632 3606 851 3670 Cretensibus
870 3607 986 3684 bello,
1007 3606 1140 3670 ibidem
1161 3603 1284 3688 periit,
1305 3610 1490 3685 antequam
1508 3606 1690 3689 Pompejus
1706 3615 1825 3672 contra

413 3707 541 3790 piratas
554 3708 677 3774 missus
697 3719 786 3791 θείς»
805 3713 900 3780 idem
917 3713 956 3776 in
969 3714 1065 3782 Verr.
1081 3713 1124 3774 de
1139 3716 1235 3792 pret,
1249 3710 1326 3772 urb.
1344 3731 1378 3793 p.
1398 3709 1449 3789 87.
1466 3711 1535 3784 «Μ.
1556 3700 1739 3796 Antonius,
1754 3713 1825 3778 dis·

414 3813 643 3880 solutissimus
667 3823 805 3880 curator
830 3817 935 3882 totius
954 3835 1023 3880 orae
1039 3811 1239 3896 maritima,
1260 3815 1369 3878 Crctae
1389 3821 1560 3899 mortuus,
1580 3850 1622 3866 —
1648 3838 1752 3900 quem
1764 3820 1823 3882 Sa-

406 3917 537 3980 lustius
549 3919 598 3980 ait
608 3921 796 4003 perdundae
806 3919 961 3998 pecuniae
980 3919 1136 4000 genitum
1149 3926 1183 3981 et
1198 3935 1344 3984 vacuum
1360 3936 1381 3980 a
1396 3916 1486 3981 curis
1503 3920 1573 3984 nisi
1588 3921 1823 3988 instantibus.“
1899 3951 1902 3961 ·

414 4021 506 4084 idem
528 4023 572 4081 dc
590 4030 739 4101 practura
755 4019 926 4084 Siciliensi
944 4040 979 4100 p.
999 4025 1068 4080 113.
1088 4027 1151 4093 «Μ.
1168 4022 1353 4105 Antonius,
1373 4023 1435 4104 qui
1453 4027 1563 4110 gratia
1579 4029 1686 4117 Cottae
1703 4049 1825 4094 consu·

414 4123 460 4188 lis
481 4129 516 4186 et
530 4123 675 4209 Cethegi
692 4122 843 4186 factione
862 4123 900 4184 in
920 4127 1040 4186 senatu
1059 4124 1276 4189 curationem
1297 4126 1468 4193 infinitam
1488 4140 1609 4196 nactus
1626 4133 1731 4196 totius
1753 4151 1822 4198 orae

414 4227 784 4309 maritimae,Siciliam
806 4234 840 4292 et
861 4225 1056 4312 provincias
1071 4246 1191 4293 omnes
1215 4233 1445 4318 depopulatus
1467 4244 1533 4322 est,
1565 4241 1667 4301 etad
1691 4245 1822 4323 postre-
1866 4269 1878 4298 ι

416 4327 681 4401 mum'interens
704 4333 922 4406 Cretensibus
941 4334 1096 4420 bellum,
1126 4336 1250 4402 morbo
1279 4339 1445 4408 interiit.»
1475 4341 1534 4407 cfr.
1568 4342 1667 4430 Pigh.
1695 4343 1817 4408 Annal
1898 4359 1908 4384 ⁸
