4242 5334
1609 465 1682 561 245

323 657 506 744 ingenium
526 656 566 720 in
585 657 752 741 promptu
770 659 804 717 G.
830 679 859 737 7.
879 673 994 738 neque
1016 659 1158 723 modum
1179 679 1295 743 neque
1313 635 1517 726 modestiam
1542 682 1588 725 ιι.
1623 662 1689 726 ho·

325 771 421 827 ueste
440 763 579 826 divitias
602 767 646 826 ιδ.
662 760 835 840 judicium
857 781 1028 827 summum
1046 787 1093 845 ι9.
1115 787 1234 848 pacem
1255 771 1306 830 31.
1328 786 1449 850 corpus
1470 767 1619 829 liberum
1640 771 1688 830 3³.
1814 811 1825 818 s

324 887 422 950 apem
444 867 483 930 in
503 866 653 931 avaritia·
667 867 861 931 nobilitatis
879 869 908 930 J.
931 873 979 930 ιδ.
1012 867 1052 932 in
1074 890 1146 934 sese
1167 875 1217 934 60.
1238 871 1414 942 manifesta
1434 873 1485 934 33.
1508 867 1591 950 aliq.
1612 889 1686 932 ma·

324 971 489 1036 niiestum
509 975 545 1034 0.
566 973 616 1044 ln.
648 972 787 1036 ordines
811 981 860 1035 80.
893 972 1007 1056 prima
1028 974 1077 1046 84.
1103 975 1259 1038 consulta
1279 997 1357 1039 curn
1377 976 1442 1038 illo
1464 975 1599 1058 integra
1619 977 1705 1034 108.

326 1077 419 1142 nihil
440 1097 547 1144 causae
567 1079 612 1140 ad
636 1079 682 1150 il.
709 1079 805 1139 haud
824 1077 995 1140 occultum
1018 1079 1068 1142 ιδ.
1097 1080 1218 1144 omnia
1235 1082 1331 1144 bona
1349 1081 1388 1143 in
1408 1100 1467 1164 spe
1490 1086 1538 1144 ³1.
1558 1093 1693 1161 suspec-

226 1163 230 1178 ’
328 1190 449 1246 tumr.
471 1204 521 1263 71.
542 1181 802 1245 multitudinem
818 1203 887 1262 107.
907 1180 1073 1246 ferociam
1093 1185 1202 1248 animi
1223 1187 1259 1249 C.
1274 1188 1324 1249 61.
1346 1205 1386 1248 ea
1407 1169 1550 1246 consilia
1571 1185 1615 1245 de
1638 1187 1688 1248 ia.

327 1285 413 1368 quid
434 1287 574 1350 consilii
594 1289 644 1367 47.
676 1286 716 1348 in
736 1292 938 1370 potestatem
954 1306 1031 1364 ιιι.
1054 1291 1163 1352 malos
1184 1291 1325 1354 eventus
1348 1311 1394 1352 ιι.
1418 1309 1457 1351 ea
1477 1306 1532 1351 res
1552 1307 1607 1350 me
1627 1286 1696 1350 fal-

326 1409 403 1456 sum
422 1393 458 1456 h.
478 1399 507 1455 J.
525 1413 571 1452 ιο.
593 1410 651 1454 eos
671 1391 710 1452 in
731 1411 856 1475 magno
877 1390 973 1454 bello
994 1413 1042 1472 79.
1065 1394 1236 1456 delectum
1258 1393 1295 1454 C.
1311 1396 1361 1456 86.
1384 1403 1504 1478 gerant
1522 1391 1695 1456 habeant·
1793 1456 1795 1460 ,
1821 1371 1827 1378 ’

328 1471 396 1576 qde
425 1515 490 1560 suo
506 1496 611 1558 modo
632 1495 843 1578 imperiafi.
863 1499 920 1557 ΠΙ.
945 1518 991 1558 ιο.
1023 1497 1094 1580 agit
1117 1507 1220 1578 atque
1240 1500 1346 1560 habet
1365 1506 1487 1560 cuncta
1509 1496 1645 1559 animus
1663 1495 1697 1555 J.

330 1625 363 1662 ι.
386 1599 563 1665 inanimo
586 1621 634 1667 ιι.
657 1602 708 1674 al.
724 1670 726 1675 s
741 1600 782 1662 in
804 1600 929 1664 animis
949 1604 994 1662 Η.
1016 1601 1083 1666 inc.
1108 1625 1155 1685 17.
1185 1592 1382 1665 lubidinem
1408 1602 1448 1665 in
1467 1602 1587 1666 scortis
1606 1603 1641 1661 c.
1666 1621 1695 1679 7.

333 1725 412 1769 eum
442 1703 481 1766 in
517 1705 638 1768 amicis
678 1711 707 1766 J.
749 1726 777 1785 7.
815 1707 910 1786 quod
948 1705 1079 1788 reliqui
1119 1709 1154 1769 C.
1185 1727 1235 1769 ιο.
1274 1707 1446 1770 luxuriam
1487 1709 1536 1772 ὁι.
1573 1703 1698 1768 melius

328 1810 372 1872 H.
402 1812 458 1871 ΠΙ.
493 1827 543 1872 ιι.
578 1807 724 1872 dubium
760 1810 809 1872 ib.
843 1829 1015 1872 sermones
1043 1799 1085 1870 ’0.
1110 1813 1160 1880 la.
1199 1813 1305 1874 verba
1336 1795 1577 1889 hujuscemodi
1618 1827 1699 1872 cum

330 1913 527 1996 9.oratiou.
551 1917 660 1976 (231.
689 1913 892 1975 concionem
917 1931 964 1970 ιι.
992 1911 1116 1992 proelio
1139 1912 1291 1974 intentos
1311 1914 1343 1980 J.
1366 1929 1415 1993 94.
1447 1917 1570 1977 eodem
1601 1915 1698 1975 cultu

328 2016 481 2096 aliquem
501 2019 532 2078 6.
557 2016 710 2100 henigne
734 2020 801 2081 ιι3.
824 2021 981 2076 accurate
1002 2020 1036 2075 et
1055 2012 1250 2076 liberaliter
1271 2019 1341 2080 103.
1357 2019 1526 2078 ,modesto
1548 2016 1697 2096 imperio

331 2118 460 2188 milites
480 2141 531 2198 9²·
553 2105 740 2183 exercitum
760 2121 804 2180 H.
825 2121 879 2180 ΠΙ.
905 2121 959 2183 rr.
973 2136 1077 2199 remp.
1098 2115 1208 2179 multo
1230 2117 1386 2200 pulcher.
1409 2118 1444 2178 C.
1467 2119 1524 2180 52.
1540 2120 1569 2178 6.
1591 2117 1697 2181 nimis

329 2221 525 2285 liberaliter
547 2245 594 2288 ιι.
625 2223 664 2284 in
686 2222 820 2285 incerto
842 2236 893 2294 ιι.
922 2221 1061 2302 gravius
1082 2239 1180 2300 aequo
1203 2223 1252 2281 51.
1273 2219 1332 2282 sic.
1355 2222 1385 2282 J.
1408 2225 1700 2303 114.parumho-

331 2335 425 2390 neste
444 2325 650 2409 pudicitiam
671 2329 707 2386 C.
732 2341 776 2399 ιι.
797 2323 836 2386 in
856 2324 1039 2405 propatulo
1063 2327 1115 2387 ιδ.
1142 2322 1326 2386 consilium
1346 2325 1377 2385 J.
1394 2326 1450 2407 62.
1471 2325 1605 2386 bonum
1625 2325 1703 2388 ani·

332 2449 428 2494 mum
451 2433 494 2494 de
509 2431 559 2492 85.
580 2429 619 2490 in
633 2428 784 2514 gratiam
798 2449 868 2488 ιιι.
892 2426 1078 2489 exercitum
1098 2427 1138 2489 io
1157 2426 1311 2489 amicitia
1334 2443 1380 2502 ιι.
1404 2427 1443 2488 in
1464 2429 1594 2493 catenis
1614 2428 1699 2510 aliq.
1799 2433 1806 2449 “

333 2538 384 2610 64.
405 2535 468 2598 ubi
488 2533 756 2598 adulescentiam
777 2535 828 2598 85.
852 2531 975 2594 urbem
995 2534 1033 2592 C.
1055 2531 1086 2598 5.
1108 2531 1238 2594 honori
1258 2551 1331 2626 non
1351 2534 1482 2614 praedm·
1494 2533 1574 2614 aliq.
1594 2535 1626 2600 J.
1640 2536 1703 2612 att.

333 2640 520 2706 exercitum
550 2625 790 2722 opprimundae
823 2634 994 2700 libertatis
1012 2638 1070 2725 (H.
1099 2640 1125 2699 1.
1161 2658 1207 2714 ι9.
1237 2636 1403 2700 duritiam
1422 2636 1603 2720 ¹voluptati
1633 2657 1702 2700 roo.

333 2736 538 2826 aequabilius
556 2762 594 2806 se
611 2749 642 2807 J.
664 2765 693 2834 q.
716 2741 854 2826 vigilias
874 2749 937 2822 per·
956 2740 1079 2802 urbem
1097 2744 1146 2802 δι.
1167 2748 1350 2823 paupertas
1368 2742 1498 2824 probro
1523 2765 1569 2808 ιι.
1590 2742 1703 2821 major

332 2855 436 2930 atque
456 2845 583 2910 clarior
602 2845 725 2920 haberi
743 2848 774 2912 J.
792 2867 841 2925 9ι.
862 2841 1041 2908 iilentium
1062 2864 1167 2924 quam
1188 2845 1375 2907 maximum
1396 2867 1444 2924 99.
1476 2855 1607 2926 egestas
1626 2848 1703 2909 sine

334 2955 460 3016 damno
481 2955 517 3014 C.
540 2958 588 3033 37.
609 2949 755 3024 audacia
775 2967 839 3030 pro
860 2964 961 3008 muro
978 2947 1028 3009 58.
1052 2945 1091 3006 in
1112 2945 1238 3006 liberis
1254 2945 1418 3008 custodiis
1439 2958 1489 3025 47.
1512 2951 1623 3010 artius
1639 2952 1704 3011 ha·
1727 2963 1729 2970 “

331 3057 415 3121 bere
434 3057 479 3120 H.
502 3057 557 3118 111.
582 3075 629 3113 ιι.
664 3059 798 3113 aetatem
817 3049 944 3129 procul
962 3066 983 3106 a
1003 3067 1074 3128 rep.
1108 3049 1143 3108 C.
1166 3062 1196 3123 4.
1229 3049 1380 3133 populus
1407 3048 1564 3113 ludibrio
1592 3057 1624 3114 J.
1652 3055 1704 3126 86.

333 3153 786 3240 quae'stiones31.delectus
813 3152 855 3210 H.
874 3155 900 3212 I.
926 3171 973 3228 ι9.
1010 3150 1151 3212 comitia
1173 3154 1211 3215 C.
1236 3171 1286 3228 ιι.
1316 3155 1624 3219 metus-habendus
1643 3166 1706 3220 aut

333 3261 516 3324 faciundus
535 3257 580 3318 H.
593 3258 620 3322 l.
639 3255 688 3320 15.
710 3247 858 3316 habitus
878 3247 906 3316 ἰιι
925 3274 955 3320 e.
978 3253 1159 3335 ingenium
1178 3262 1208 3325 J,
1236 3258 1285 3316 ι8.
1305 3259 1499 3322 communis
1519 3262 1564 3326 H.
1580 3261 1651 3329 inc.
1672 3284 1702 3342 9.

295 3360 518 3435 Hereditates
537 3361 677 3428 relictus
695 3361 728 3424 J.
752 3359 802 3423 85.
823 3357 986 3424 heredem
1007 3358 1189 3425 instituere
1200 3381 1235 3440 9-
1252 3365 1441 3426 secundum
1461 3364 1613 3429 scribere
1633 3368 1682 3426 68

294 3465 470 3557 Hoeferat
490 3468 547 3531 illi
566 3467 606 3529 in
626 3464 744 3527 animo
764 3463 890 3526 omnia‘
902 3465 1021 3538 Romae
1040 3463 1160 3526 venire
1179 3466 1208 3526 J.
1231 3467 1284 3532 28.

296 3569 524 3655 Haruspices
543 3572 754 3654 respondent
774 3570 809 3636 G.
830 3586 881 3649 47.
904 3567 998 3632 dicta
1015 3576 1047 3630 J..
1066 3570 1116 3630 68.
1453 3607 1459 3624 .

297 3679 418 3754 Haud
434 3678 619 3740 absurdum
639 3677 675 3740 C.
692 3680 720 3738 3.
736 3676 786 3740 ai.
799 3653 845 3736 ir.
868 3671 969 3737 facile
982 3680 1031 3742 ιδ.
1053 3670 1237 3736 difficulter
1253 3687 1299 3745 ιι.
1324 3675 1359 3739 h.
1386 3672 1530 3735 obscuro
1551 3673 1635 3738 loco·
1652 3681 1706 3738 ιδ’.

338 3786 374 3848 h.
395 3783 567 3846 occultum
587 3781 716 3844 habere
735 3782 785 3842 ι8.
812 3778 907 3840 haud
927 3797 1012 3842 sane.
1028 3779 1099 3842 alio
1120 3779 1237 3841 auimo
1259 3780 1308 3862 37.
1337 3779 1432 3840 haud
1452 3777 1569 3841 timidi
1581 3783 1640 3841 6ο.
1667 3783 1703 3844 h.

339 3907 428 3973 saepe
447 3894 476 3950 J.
500 3909 548 3967 17.
578 3884 827 3968 h.procu118.
852 3885 889 3945 h.
918 3883 1024 3967 longe
1044 3885 1162 3962 aberat
1182 3886 1229 3947 86.
1258 3885 1291 3946 h.
1321 3884 1462 3968 ignarus
1483 3883 1533 3946 ι8.
1565 3886 1601 3947 h.
1622 3886 1708 3978 satis·

338 3996 534 4058 moderatus
554 3992 604 4064 la·
633 3993 668 4052 h.
689 3989 810 4073 procul
831 3991 879 4051 33.
906 3990 941 4051 h.
962 3988 1071 4072 longe
1088 3989 1179 4052 iuter
1199 4009 1234 4052 se
1256 3992 1307 4054 66.
1331 3991 1367 4050 h.
1387 4008 1483 4053 secus
1504 4011 1553 4070 79.
1575 3992 1612 4052 h.
1634 3991 1711 4055 diso

339 4098 502 4164 similiter
522 4096 625 4159 situm
645 4114 695 4175 9ο.
719 4093 825 4157 dubie
849 4112 916 4155 ιοι.
938 4094 974 4156 h.
995 4095 1117 4177 procul
1141 4116 1209 4175 ιο7.
1228 4095 1263 4163 h.
1286 4094 1447 4178 repulsus.
1466 4115 1537 4157 ιιο.
1553 4094 1710 4182 impigre

339 4206 383 4266 H.
404 4204 472 4268 ino.
494 4223 523 4281 9.
545 4199 831 4279 haudquaquam*
848 4208 914 4280 'par
934 4197 1046 4282 gloria
1066 4201 1102 4260 0.
1124 4203 1155 4260 3.
1182 4209 1185 4214 '

301 4303 433 4376 Hiavit
452 4309 583 4370 humus
597 4303 711 4370 multa
730 4303 778 4366 Η.
794 4303 850 4370 IV·
872 4304 921 4368 53.
