4230 5348
905 909 908 916 Ι
1000 802 1101 878 er.
1138 798 1207 876 lv

480 975 570 1045 Bene
583 975 626 1043 de
641 981 709 1044 hoc
732 975 825 1043 libro
843 979 969 1043 huson.
982 981 1127 1063 Popmar
1148 975 1332 1053 ..Continet
1354 971 1539 1039 historiam
1556 988 1672 1068 rerum
1695 975 1807 1056 gesta

398 1103 477 1150 rum
499 1085 634 1150 Metelli
655 1094 689 1150 et
710 1084 867 1170 Pompeii
888 1092 1008 1148 contra
1033 1082 1199 1166 reliquias
1220 1077 1384 1162 Sertorii,
1404 1077 1542 1142 Luculli
1560 1083 1679 1141 contra
1697 1075 1806 1139 Mith-

397 1189 544 1253 ridatem
562 1198 595 1255 et
614 1191 817 1276 Tigranem,
837 1193 883 1254 M.
902 1191 1011 1256 Crassi
1030 1187 1236 1255 debellantis
1245 1189 1446 1270 Spartacum
1463 1173 1501 1245 L.
1521 1183 1610 1248 Gell.
1626 1181 1807 1246 Poblieola

359 1279 363 1288 ’
399 1294 462 1358 Cn.
482 1295 583 1358 Corn.
604 1297 752 1360 Lentulo
780 1299 870 1359 Coss.
893 1298 934 1358 U.
958 1297 993 1358 C.
1021 1296 1078 1356 681
1107 1301 1140 1358 ct
1164 1293 1200 1355 C.
1217 1289 1365 1356 Lentulo
1385 1295 1427 1377 ct⁴
1441 1286 1501 1351 Cn.
1526 1288 1664 1352 Aufidio
1686 1289 1807 1351 Oreste

400 1379 492 1462 Coss.
517 1401 609 1462 682.»
640 1423 720 1462 -1.-
740 1400 892 1465 Aren.
910 1400 1090 1482 Lentulus
1107 1403 1168 1461 etc.
1195 1397 1275 1461 vide
1296 1413 1399 1478 supra
1420 1413 1498 1477 pag.
1520 1414 1568 1473 27·
1605 1412 1690 1455 num
1712 1392 1808 1456 idem

398 1501 462 1586 sit,
482 1505 544 1598 qui
562 1508 661 1572 XXV.
678 1505 777 1568 annis
793 1513 970 1568 antonum
991 1504 1028 1565 Ρ.
1045 1487 1181 1566 Licinio
1203 1503 1322 1565 Crasso
1342 1500 1462 1564 consul
1484 1496 1607 1582 fuerit,
1628 1499 1724 1578 quod
1742 1499 1808 1560 Co-

396 1605 490 1671 lerus
511 1617 545 1673 et
564 1610 714 1674 Wassius
734 1615 942 1692 statuerunt,
972 1608 1072 1678 valde
1093 1605 1226 1670 dubito'.
1254 1599 1429 1671 stolidior
1451 1625 1501 1667 an
1524 1599 1661 1668 vanior.
1686 1605 1729 1668 de
1752 1602 1808 1684 his
1887 1681 1890 1686 Ι
1941 1647 1950 1655 -

288 1751 315 1802 ,¹
398 1712 541 1775 vocibus
554 1714 636 1775 ride
661 1711 814 1778 Gellium
840 1717 889 1776 ι8.
902 1729 933 1788 4.
950 1720 1048 1775 acute
1069 1695 1313 1795 disputantem.
1339 1726 1422 1770 -a.-
1443 1708 1594 1792 Omnes,
1623 1702 1752 1790 quibus
1766 1742 1808 1759 ·-

397 1822 491 1878 oetas
509 1824 577 1880 ete.
598 1837 671 1879 non
691 1818 896 1894 absurdum,
917 1819 1011 1897 quod
1028 1815 1132 1880 Debr.
1148 1822 1283 1892 monet,
1302 1811 1424 1914 videri
1435 1813 1606 1878 delectum
1623 1811 1718 1875 hello
1739 1831 1808 1876 ser·
1845 1885 1848 1890 Δ

396 1919 462 1984 vili
482 1941 502 1984 a
522 1921 659 1984 Licinio
680 1923 798 1986 Crasso
817 1922 976 1986 habitum
995 1921 1050 1984 his
1071 1919 1185 1987 verbis
1200 1921 1378 1985 illustrari.
1399 1925 1478 1984 -8.-
1497 1914 1695 2003 [mpliciter
1708 1923 1809 1979 rates

397 2031 459 2086 etc.
482 2028 550 2088 hoc
577 2025 811 2110 fragmentum
832 2047 854 2088 a
880 2027 1066 2093 Debrossio
1098 2028 1263 2092 omissum
1296 2023 1356 2095 est.
1390 2043 1469 2102 -4.-
1487 2021 1616 2113 Igitur
1638 2017 1808 2112 legiones.
1898 2111 1902 2120 ὁ
1988 2099 1992 2106 ¹

394 2145 549 2210 pugnam
572 2131 617 2188 ad
638 2127 883 2213 Tigranocerta
902 2132 1113 2200 commissam
1140 2133 1196 2194 his
1214 2131 1384 2198 illustrari
1409 2129 1612 2214 putaverim.
1633 2125 1694 2189 cfr.
1719 2126 1808 2189 Plut.

394 2230 530 2294 Lucull.
557 2253 584 2294 c.
621 2253 670 2312 27.
707 2233 854 2316 Appian.
879 2238 923 2298 de
955 2237 989 2297 b.
1021 2235 1179 2300 Mithrid.
1219 2258 1246 2303 c.
1275 2238 1325 2300 85.
1360 2238 1487 2298 Contra
1509 2233 1611 2297 Debr.
1632 2234 1705 2296 haec
1730 2249 1809 2294 cum
1875 2260 1878 2266 ·
1973 2239 1982 2260 ·

395 2332 518 2420 fragm.
540 2341 590 2417 37.
611 2337 688 2398 Lib.
709 2339 770 2399 111.
791 2338 971 2423 conjungit
988 2346 1023 2403 ct
1041 2343 1171 2424 duplex
1191 2341 1379 2404 Consulum
1395 2338 1557 2421 proelium
1574 2344 1693 2401 contra
1706 2337 1808 2419 Spar

354 2467 360 2474 ·
395 2446 511 2503 taoum
533 2441 589 2504 his
620 2441 736 2504 verbis
754 2442 954 2561 significari
976 2443 1120 2514 jndicat.
1167 2445 1248 2498 -.-8
1272 2424 1512 2518 Amisumque
1540 2450 1599 2502 etc.
1634 2441 1696 2505 cfr.
1720 2441 1809 2505 Plut.

394 2519 515 2608 Lucul.
531 2547 581 2607 ιι.
594 2521 716 2603 initio:
747 2535 805 2608 ἐπὶ
843 2524 987 2609 retineor
1029 2537 1223 2638 λιγιςμῶι
1235 2524 1400 2636 γενέμενις
1429 2537 1446 2611 ὅ
1474 2525 1699 2624 Λούκουλλος,
1737 2544 1815 2639 περί

394 2683 431 2730 τε
466 2645 520 2741 riv
556 2647 692 2754 Ἀμισδν
741 2641 885 2756 διέτριψε
927 2658 1102 2754 padanus
1137 2657 1176 2752 τῇ
1213 2670 1328 2755 romae
1323 2659 1454 2762 κίιιχ
1425 2647 1641 2761 χρώμενος
1630 2689 1662 2734 ,g
1701 2690 1730 2734 τ
1771 2675 1806 2748 >e

395 2777 541 2861 Appian.
559 2780 602 2839 de
622 2778 657 2837 b.
681 2774 839 2837 Mithrid.
858 2795 887 2836 c.
914 2778 965 2856 78.
991 2800 1071 2840 cum
1090 2780 1329 2870 Mithridatem
1351 2782 1524 2847 Amisenis
1549 2783 1694 2848 obsessis
1712 2783 1811 2846 auxi-

395 2882 446 2947 lia
473 2881 605 2946 misisse
630 2880 806 2965 Appianas
834 2886 953 2960 auctor
984 2882 1050 2956 sit,
1078 2886 1151 2950 haec
1174 2887 1219 2946 ad
1247 2904 1327 2949 cum
1354 2885 1477 2950 referri
1509 2907 1608 2970 posse
1629 2889 1808 2953 videntur.

320 3067 328 3080 ο
397 3005 502 3049 -ι.-·ο
484 2986 702 3102 -Castclla,
732 2981 919 3048 custodias
950 2987 1217 3054 thesaurorum.
1248 2993 1357 3065 ,haec
1365 2989 1545 3075 jungenda
1571 3000 1609 3054 ut
1634 2994 1808 3058 Graecum:

396 3065 585 3178 φιλοίκιιν,
604 3073 725 3164 duaco
726 3065 950 3184 providear.
957 3093 1145 3165 custodias
1162 3096 1255 3159 enim
1276 3095 1413 3176 antiqui
1434 3096 1651 3180 grammatici
1665 3116 1731 3179 pro
1751 3116 1810 3182 ge·

335 3261 338 3266 .
396 3201 510 3265 nitivo
532 3200 780 3286 habuerunt,
769 3222 809 3262 ιιι
827 3177 985 3300 quibus
975 3219 1049 3284 ipse
1071 3201 1195 3283 Asper,
1215 3200 1358 3262 Salustii
1374 3201 1544 3284 interpres
1567 3209 1601 3264 et
1617 3203 1807 3286 Charisius,

397 3307 500 3414 quip.
508 3310 557 3369 82.
568 3309 617 3370 83.
628 3307 676 3369 ita
690 3309 733 3370 de
741 3308 805 3369 hac
818 3305 1061 3370 terminatione
1074 3304 1244 3388 praecipita
1256 3303 1505 3388 paterfamilias
1514 3306 1808 3371 etmatcrfamrlras

397 3401 535 3490 antiqui
557 3413 665 3497 magis
682 3421 909 3496 usurparunt;
930 3418 1114 3495 propterea
1133 3413 1228 3492 quod
1247 3409 1463 3474 nominativo
1485 3411 1654 3494 singulari
1670 3411 1808 3474 literam

401 3513 627 3598 adjiciebant,
649 3525 688 3578 ut
709 3516 861 3581 facerent
880 3516 1090 3601 genitivum,
1111 3516 1189 3578 ltoec
1209 3509 1388 3599 familia,
1397 3511 1508 3609 hujus
1519 3509 1709 3601 familias,
1729 3515 1808 3579 hoec

396 3617 534 3710 Maja,
546 3615 657 3710 hujus
674 3619 820 3711 Majas;
851 3640 957 3702 quam
976 3619 1251 3684 declinationem
1264 3628 1297 3684 et
1314 3619 1512 3684 Salustius'
1502 3641 1541 3682 ιιι
1558 3619 1659 3684 tertio
1674 3609 1809 3686 secutus

400 3731 465 3788 ests
497 3723 662 3790 Castella
685 3721 873 3789 custodias
900 3726 1112 3802 thesaurum
1142 3721 1181 3787 in
1203 3720 1422 3788 deditionem
1441 3720 1715 3808 acciperentur,
1741 3728 1808 3790 'sed

397 3828 608 3892 emendatius
624 3830 804 3913 custodiar,
825 3829 986 3903 familiar,
1007 3828 1106 3907 Major
1125 3828 1273 3890 dicitur»
1284 3829 1414 3892 Carrio.
1432 3849 1544 3911 neque
1564 3832 1725 3895 abhorret
1734 3833 1807 3894 haec

397 3931 509 3994 forma
524 3934 568 3993 ab
586 3934 729 4016 antiqua
747 3935 1015 4022 orthographia,
1037 3933 1184 4004 maxime
1204 3954 1281 3996 cum
1299 3935 1399 3998 Livio
1418 3936 1505 3997 And.
1516 3935 1634 4000 Naevio
1649 3943 1682 4000 et
1693 3933 1806 3998 Ennio
1911 3993 1917 4002 ,
2040 3985 2047 3994 .

398 4035 524 4123 usitata
550 4035 664 4097 fuerit.
692 4039 796 4103 Prisc.
825 4043 896 4124 697.
922 4048 956 4102 ιι
981 4036 1043 4102 cfr.
1074 4038 1264 4137 Schneider
1285 4042 1328 4100 de
1349 4037 1482 4100 Formis
1506 4041 1547 4099 1.
1575 4041 1613 4100 L.
1639 4043 1666 4102 I.
1691 4063 1726 4121 p.
1755 4055 1806 4100 ιι.

399 4140 483 4215 etsi,
504 4139 571 4200 hoc
598 4137 891 4224 fragmentorum
922 4144 1030 4208 altero
1060 4141 1150 4205 infra
1175 4160 1226 4219 ιι.
1249 4149 1465 4227 comparato:
1486 4137 1607 4204 tenuit
1627 4144 1808 4208 Lucullus

398 4236 591 4307 thesauros
610 4242 796 4325 custodias
816 4248 939 4338 regias
956 4247 1028 4311 fere
1051 4247 1090 4309 in
1101 4267 1176 4311 earn
1196 4247 1344 4312 inclines
1365 4246 1587 4329 sententiam,
1608 4255 1647 4309 ut
1664 4243 1807 4331 accipe-
1921 4255 1930 4266 '

365 4430 379 4464 0
393 4353 481 4420 rent
491 4367 556 4446 pro
571 4349 827 4436 acciperentur
841 4355 1094 4420 emendandum
1104 4353 1297 4450 putaverim
1311 4351 1363 4416 ibi
1375 4351 1468 4426 euim
1484 4359 1600 4437 aperte
1619 4348 1806 4422 custodias
