4282 5390
441 463 488 532 32

440 655 548 731 cepta,
565 645 716 728 reliquas
730 640 835 707 Ponti
856 639 960 703 urbes
970 636 1153 704 obsidione
1163 634 1299 720 cepit‘t)
1316 639 1350 700 et
1361 654 1440 699 cum
1447 611 1619 714 Machaie,
1636 637 1849 709 Mithridatis

441 752 537 828 filio,
559 752 654 830 eujus
675 747 824 833 imperio'
852 747 1023 828 Bosporus
1044 743 1202 827 parebat,
1230 740 1419 804 amicitiam
1443 749 1477 805 et
1504 742 1701 844 societatem
1722 746 1848 824 junxit.

440 859 571 922 Eodem
585 866 740 940 tempore
753 859 800 918 Μ.
813 854 977 917 Lucullus
994 852 1056 934 qui
1068 849 1307 914 Macedoniam
1319 845 1634 933 administraverat,
1656 849 1849 934 triumpha.

438 961 499 1024 vit.
535 961 644 1024 Bessis
674 960 783 1042 enim,
803 958 936 1042 primus
959 957 1198 1020 R'omanorum
1211 943 1359 1016 'bellum
1383 953 1548 1016 intulerat
1568 972 1694 1034 eosque
1715 954 1848 1039 ingenti

437 1064 560 1148 proelio
585 1065 625 1126 in
656 1067 778 1128 Haemo
807 1071 924 1129 monte
951 1069 1187 1146 superaverat;
1217 1067 1382 1144 praterea
1409 1057 1577 1141 oppidum
1606 1059 1847 1137 Uscudamam,

437 1173 559 1234 eodem
585 1169 660 1247 die,
687 1190 757 1250 quo
779 1189 955 1256 aggressus
976 1175 1043 1250 est,
1072 1166 1173 1248 vicit,
1206 1172 1370 1248 praterea
1386 1163 1542 1246 Cabylen
1561 1171 1709 1245 ceperat,
1745 1166 1847 1226 etad

439 1275 641 1338 Danubium
653 1294 762 1355 usque
771 1281 1019 1360 penetraverat.
1038 1270 1094 1333 Ibi
1106 1268 1438 1354 Appoloniaeversa,
1459 1268 1594 1349 Calatis,
1613 1269 1850 1352 Parthenopo-

435 1379 501 1463 lis,
520 1379 639 1463 Tomi,
660 1379 800 1442 Barcino
823 1379 952 1463 oppida
970 1383 1077 1460 capta.
1090 1373 1146 1452 ⁰⁹)

432 1581 541 1657 Αηηι·
561 1581 847 1660 DCLXXXW
870 1586 916 1667 P,
941 1583 986 1660 u.
1015 1583 1054 1658 c.
1082 1580 1262 1656 consuas
1286 1581 1350 1654 o..
1371 1582 1568 1688 Pompejm
1588 1580 1770 1680 Magnus,
1793 1556 1853 1655 M.

959 1709 1122 1782 Licinius
1146 1707 1308 1780 Crassus.

516 1868 718 1933 Tribunicia
726 1875 874 1954 potestas
889 1889 910 1932 a
922 1867 1148 1952 Consulibus,
1170 1869 1219 1934 M.
1229 1864 1333 1931 stilio
1344 1865 1527 1947 Palicano,
1548 1865 1690 1928 tribuno
1710 1825 1845 1962 plebis,

436 1981 559 2056 agente
569 1974 720 2038 restituta
736 1984 794 2039 est.
805 1973 887 2057 Μ)
900 1973 1037 2038 Iudicia
1050 1992 1188 2056 quoque
1198 1993 1261 2057 per
1273 1971 1498 2039 LAurelium
1506 1972 1640 2036 Cottam
1655 1972 1700 2032 ad
1714 1968 1847 2056 equites

514 2311 551 2394 θ)
573 2310 641 2376 efr.
665 2313 814 2398 Appian.
834 2313 994 2378 debello
1013 2281 1252 2374 Mithridatico
1282 2331 1310 2372 c.
1339 2312 1473 2404 79-88.
1494 2312 1582 2374 Plut.
1603 2313 1685 2376 Luc.
1715 2313 1845 2392 15-19.

431 2417 505 2482 Liv.
524 2419 613 2503 Epit.
629 2420 761 2483 XCVII.
782 2417 844 2494 qui
864 2417 913 2476 ita
935 2419 978 2475 de
999 2416 1102 2491 hujus
1119 2414 1204 2474 anni
1223 2412 1502 2494 expeditionibus
1520 2415 1670 2496 exponit.
1698 2419 1757 2487 «L.
1778 2421 1847 2480 Lu-

433 2523 545 2586 cullus
559 2521 598 2582 in
620 2523 731 2580 Ponto
754 2519 916 2581 adversus
937 2515 1177 2579 Mithridatem
1197 2513 1345 2578 feliciter
1365 2516 1550 2599 pugnavit,
1577 2516 1670 2582 caesis
1691 2520 1845 2584 hostium

430 2624 582 2706 amplius
613 2642 718 2706 quam
745 2623 813 2682 LX.
851 2620 1018 2687 millibus.
1048 2620 1264 2684 Mithridates
1292 2621 1529 2704 desperatione
1558 2643 1674 2686 rerum
1705 2644 1843 2690 suarum

433 2735 586 2811 coactus,
608 2729 654 2788 ad
672 2725 858 2812 Tigranem
877 2724 1049 2822 Armenia
1068 2745 1184 2811 regem
1203 2723 1390 2812 confugit»
1411 2727 1568 2793 Ceterum
1580 2729 1766 2813 Eutropius
1787 2732 1844 2795 VI.

433 2833 463 2893 8.
483 2832 636 2916 Sinopen
648 2836 683 2893 et
693 2830 849 2892 Amisum
867 2829 1021 2894 civitates
1034 2839 1114 2894 ante
1130 2830 1292 2915 proelium
1310 2835 1356 2895 ad
1370 2832 1496 2895 Cabira
1509 2821 1845 2917 commissum,''cap-

432 2943 484 3000 tas
500 2935 634 3017 statuit,
664 2942 698 2998 et
723 2953 800 3016 quae
820 2939 889 3000 hoc
906 2956 999 3000 anno
1023 2945 1117 3024 gesta
1137 2946 1235 3021 sunt,
1262 2935 1492 3020 alseriorihus
1509 2957 1581 3003 non
1601 2938 1760 3023 sejungit.
1781 2938 1841 3002 cfr.

430 3039 536 3123 Epist.
555 3039 749 3104 Mithridat.
770 3043 814 3103 ad
829 3044 977 3106 Arsacen
998 3045 1040 3106 R.
1057 3043 1096 3105 in
1118 3043 1240 3130 fragm.
1257 3043 1325 3106 Sal.

514 3142 570 3224 ⁰⁹)
594 3143 662 3207 ctr.
686 3145 827 3231 Eutrop.
849 3148 907 3211 VI.
925 3149 955 3209 8.
986 3148 1084 3210 Oros.
1107 3152 1165 3210 VI.
1185 3151 1214 3211 3.
1234 3148 1327 3211 Sexti
1347 3148 1429 3210 Rufi
1452 3148 1666 3234 Breviarium
1681 3170 1709 3212 c.
1727 3170 1756 3230 9.
1779 3148 1841 3232 qui

431 3248 558 3312 iisdem
583 3248 672 3334 fere,
698 3250 826 3332 quibus
848 3251 1049 3336 Eutropius,
1077 3251 1193 3314 verbis
1220 3246 1287 3316 bac
1309 3255 1353 3315 de
1379 3273 1417 3316 re
1445 3254 1595 3336 exponit.
1624 3253 1841 3336 Ammianus,

430 3353 655 3417 Marcellinus
673 3353 749 3418 Lib.
767 3339 906 3421 XXVII.
927 3361 957 3420 8.
983 3379 1017 3440 p.
1040 3375 1109 3434 109.
1135 3356 1196 3416 Ed.
1216 3355 1352 3441 Bipont.
1380 3357 1501 3420 Florus
1520 3361 1580 3423 III.
1599 3374 1631 3434 4.
1656 3359 1842 3422 Lucullum
1879 3428 1885 3436 ,

267 3549 271 3556 ⁴
347 3541 349 3546 Ι
429 3457 474 3520 ad
486 3458 620 3521 Tanain
631 3480 739 3540 usque
750 3461 934 3545 lacumque
950 3460 1091 3526 Maeotin
1100 3461 1296 3546 pervenisse
1310 3470 1429 3526 auctor
1439 3471 1497 3527 est.
1520 3460 1647 3525 Cic.·in
1662 3464 1774 3524 PIson.
1790 3483 1837 3543 19.

430 3564 647 3626 -Ceterum
665 3568 788 3628 eodem
806 3587 899 3629 anno
919 3571 965 3631 M.
983 3566 1153 3630 Antonius
1173 3574 1316 3651 prator,
1338 3571 1381 3631 de
1401 3587 1471 3647 quo
1490 3586 1593 3648 supra
1611 3575 1839 3630 memoratum

427 3674 496 3750 est,
515 3669 648 3732 bellum
674 3672 835 3734 adversus
864 3676 1054 3766 Cretenses,
1074 3693 1199 3758 parum
1226 3691 1389 3759 prospere
1413 3681 1622 3766 susceptum,
1644 3680 1754 3736 morte
1777 3691 1839 3736 sua

430 3771 556 3836 finivit.
576 3772 636 3836 cfr.
658 3773 732 3836 Liv.
750 3773 840 3860 Epit.
858 3776 989 3841 XCVII.
1936 3855 1938 3860 ,

505 3875 581 3956 ⁹⁹⁰)
603 3876 671 3939 Cfr.
692 3877 782 3962 Epit.
798 3879 928 3960 XCVII.
962 3885 1031 3955 ..M
1052 3882 1243 3963 Crassuset
1262 3883 1322 3944 Cn.
1341 3882 1541 3966 Pompejus,
1563 3883 1720 3948 consules
1739 3883 1835 3968 facti,
1930 3941 1935 3948 .

430 3977 507 4061 (sed
524 3980 707 4063 Pompejus
727 3989 910 4065 antequam
928 3992 1134 4064 quasturam
1151 3996 1283 4071 gereret
1300 4006 1341 4050 ex
1361 3986 1475 4068 equite
1495 3988 1670 4071 Romano)
1688 3989 1837 4052 tribuni-

430 4081 520 4159 ciam
537 4089 739 4165 potestatem
764 4087 995 4151 restituerunt.
1024 4089 1145 4153 Salust.
1168 4091 1267 4154 Catil.
1288 4093 1339 4155 38.
1358 4099 1392 4160 et
1411 4093 1488 4159 loca
1513 4093 1565 4156 ibi
1586 4095 1735 4158 laudata.
1766 4093 1834 4155 Cic.

429 4186 582 4250 Divinat.
600 4187 640 4251 in
660 4189 771 4256 Caecil.
788 4212 816 4254 c.
839 4195 868 4254 8.
888 4192 959 4255 Act.
977 4191 1016 4256 in
1035 4195 1133 4260 Verr.
1155 4197 1181 4258 Ι.
1204 4196 1252 4259 15.
1276 4204 1309 4258 et
1332 4173 1464 4260 Αεοοη.ι
1479 4199 1504 4262 l.
1521 4198 1546 4262 l.
1568 4202 1666 4283 ,Ipse
1684 4194 1834 4278 denique

430 4291 491 4358 Cn.
517 4293 716 4382 Pompejus‚
751 4297 1004 4392 cumprimum
1035 4297 1238 4376 concionem
1263 4304 1308 4366 ad
1331 4302 1454 4368 urbem
1481 4305 1607 4372 Consul
1638 4303 1834 4398 designatus
