4282 5390
301 498 459 638 ,11

410 693 456 754 ad
482 685 610 752 Phasin
628 686 772 753 fluvium
803 703 1019 774 progressus,
1052 707 1130 751 curn
1150 691 1184 752 et
1206 683 1359 750 terrestri
1385 683 1510 748 itinere
1534 690 1571 748 et
1603 703 1682 748 cum
1712 685 1817 756 classe

411 793 650 859 Mithridatem
677 795 750 879 peti
777 813 876 878 posse
907 795 1120 879 desperaret,
1140 791 1286 855 navibus
1315 788 1478 873 praesidio
1509 789 1656 874 relictis,
1686 812 1762 873 quae
1783 800 1818 858 et

410 909 639 966 commeatum
657 900 943 984 intercluderent,
965 906 1000 963 et
1017 920 1038 962 a
1056 899 1173 962 reditu
1188 898 1227 960 in
1244 898 1394 961 Pontum
1412 915 1493 961 eum
1515 896 1758 980 prohiberent,
1777 898 1826 990 in,

410 1007 607 1070 Armeniam
617 1007 800 1089 convertit,
820 1006 1103 1086 Albanorumque
1114 1023 1230 1088 regem
1241 1023 1320 1064 cum
1329 1021 1455 1086 magna
1471 1021 1579 1065 manu
1591 1002 1660 1065 sibi
1674 1001 1814 1065 obviam

409 1106 557 1193 factum,
577 1111 713 1174 insidiis
732 1111 920 1195 oppressit,
933 1111 990 1174 ita
1010 1119 1049 1172 ut
1067 1129 1143 1172 cum
1161 1108 1225 1171 alii
1240 1107 1365 1193 populi
1383 1127 1568 1194 regesque,
1597 1128 1746 1189 quorum
1768 1127 1821 1173 se-

341 1203 357 1210 ”
410 1216 467 1280 des
486 1215 577 1279 inter
594 1237 688 1281 mare
704 1217 864 1301 Caspium
884 1226 918 1281 et
938 1219 1125 1278 Caucasum
1147 1220 1260 1297 erant,
1280 1213 1412 1299 legatos
1433 1215 1478 1276 ad
1499 1232 1618 1297 pacem
1636 1215 1822 1295 petendam
1879 1279 1883 1288 ‚

409 1320 605 1404 mitterent,
626 1331 700 1385 tum
712 1322 796 1406 [ipse
813 1324 977 1385 Phraates
999 1323 1043 1383 dc
1060 1318 1222 1384 amicitia
1237 1318 1365 1382 foedere
1383 1321 1583 1382 renovando
1599 1324 1725 1402 ageret.
1755 1320 1821 1379 Cu-

406 1422 464 1502 jus
486 1426 629 1507 quidem
646 1427 770 1513 legatis
791 1427 974 1508 Pompejus
1000 1424 1184 1508 superbius
1198 1424 1377 1510 respondit
1401 1432 1504 1505 atque
1518 1422 1756 1507 provinciam,
1777 1408 1821 1487 tle

411 1549 480 1610 qua
501 1528 559 1592 illi
579 1554 658 1593 cum
677 1532 826 1614 Tigrane
845 1530 957 1592 fuerat
975 1529 1228 1614 controversia,
1248 1549 1311 1616 per
1330 1528 1514 1592 Afranium
1535 1527 1723 1612 occupavit.
1744 1529 1822 1612 Quo

410 1631 501 1698 sacto
520 1633 706 1699 exercitum
724 1633 762 1696 in
780 1634 928 1712 hiberna
948 1635 1101 1698 deduxit.
1114 1633 1147 1714 1)

493 1741 613 1802 Romae
633 1738 672 1800 in
690 1741 784 1802 hunc
801 1761 932 1804 annum
951 1758 1108 1805 censores
1126 1739 1233 1802 creati
1251 1740 1292 1821 Q.
1316 1736 1473 1802 Lutatius
1492 1723 1631 1800 Catulus
1650 1743 1685 1799 et
1703 1738 1750 1799 M.
1766 1736 1824 1799 Li-

412 1839 525 1904 cinius
543 1844 695 1923 Crassus3
716 1866 795 1910 cum
811 1846 904 1909 inter
921 1864 957 1910 se
974 1848 1018 1909 de
1039 1846 1177 1908 civitate
1195 1843 1345 1908 coloniis
1360 1842 1613 1927 Transpadanis
1628 1843 1742 1904 danda
1755 1841 1826 1904 dis-

411 1947 597 2026 sentirent,
627 1969 739 2030 neque
760 1970 901 2014 censum
922 1949 1049 2012 civium
1071 1956 1235 2035 egerunt,
1262 1971 1376 2032 neque
1393 1957 1550 2014 senatum
1568 1948 1743 2034 legerunt,
1765 1947 1826 2010 sed

413 2050 526 2115 otiosa
543 2074 686 2117 censura
704 2062 815 2139 gesta,
836 2048 1038 2139 magistratu
1057 2073 1093 2118 se
1111 2054 1317 2116 abdicarunt
1327 2054 1389 2137 111)
1418 2057 1586 2118 Praeterea
1606 2057 1674 2117 hoc
1694 2071 1786 2115 anno
1805 2070 1827 2113 a

309 2239 312 2242 Ι
413 2156 449 2215 G.
470 2158 579 2234 Papio
603 2166 645 2213 tr.
660 2160 709 2234 pl.
731 2160 788 2216 lex
807 2159 896 2234 lata,
917 2173 962 2218 ne
981 2160 1060 2234 quis
1082 2144 1285 2241 peregrinus
1305 2159 1344 2219 in
1360 2160 1447 2219 urbe
1465 2167 1561 2218 esset.
1579 2157 1657 2228 ⁶⁶³²)
1678 2155 1828 2214 Catilina

413 2273 493 2321 cum
513 2277 556 2322 ex
567 2256 682 2320 Africa
700 2257 875 2334 rediisset,
896 2266 1072 2324 accusatus
1090 2265 1142 2323 est
1162 2265 1432 2345 repetundarum
1450 2278 1471 2322 a
1489 2261 1526 2321 P.
1549 2255 1673 2320 Clodio
1693 2257 1829 2324 adoles·

493 2575 748 2655 ο)(11’1.1)1ο11.
773 2576 862 2636 Cass.
890 2574 1056 2639 XXXVII.
1080 2575 1168 2635 1-6.
1199 2567 1345 2656 Appian.
1373 2567 1561 2636 Mithridat.
1590 2575 1659 2638 105.
1691 2576 1762 2660 Qui
1782 2582 1828 2643 de

413 2680 516 2754 hujus
530 2678 614 2738 anni
626 2679 904 2760 expeditionibus
915 2679 968 2740 nil
983 2678 1051 2740 nisi
1062 2679 1249 2761 Nicopolin
1259 2679 1381 2742 urbem
1390 2676 1562 2740 conditam
1571 2689 1827 2770 commemorat.

415 2783 619 2844 Plutarchus
630 2781 974 2866 (Lucull.c.34-38.)
991 2781 1195 2864 Pompejum
1205 2782 1469 2846 hibernaAmisi
1478 2785 1680 2869 transegisse
1694 2785 1827 2871 signifi·
1919 2771 1923 2779 ¹

418 2893 490 2962 cat,
513 2873 642 2970 quippe
656 2908 727 2970 quo
737 2897 770 2950 et
781 2870 884 2949 r'nulti
900 2890 1053 2970 dynastae
1062 2896 1167 2968 atque
1179 2891 1356 2952 tetrarchae
1366 2895 1398 2952 et
1407 2890 1591 2951 duodecim
1601 2910 1698 2974 reges
1706 2911 1826 2974 perve-

415 2991 542 3054 nerint.
553 2991 612 3053 cfr.
622 2994 712 3054 Flor.
722 2995 781 3052 III.
792 2992 895 3066 5...At
906 2992 944 3053 iu
953 2993 1223 3078 septentrionem
1231 2994 1505 3078 Scythicumiter
1513 3002 1677 3075 tanquam
1687 2994 1725 3056 in
1736 2995 1826 3058 mari

416 3096 530 3159 stellas
547 3103 696 3172 secutus,
718 3098 863 3160 Colchos
885 3098 1024 3182 cecldit,
1046 3080 1181 3185 ignovit
1199 3100 1338 3177 Iberiae,
1359 3100 1513 3185 pepercit
1531 3099 1686 3178 Albanis3
1706 3119 1824 3185 regem

418 3199 630 3266 Colchorum
652 3202 811 3285 Oroden,
839 3203 962 3286 positis
990 3204 1053 3265 sub
1084 3206 1160 3286 ipso
1190 3207 1339 3265 Caucaso
1372 3205 1632 3288 caserta-jussit
1665 3203 1703 3266 in
1723 3206 1829 3289 plana

419 3306 641 3384 descendere3
671 3310 837 3391 Artocen,
866 3311 929 3390 qui
951 3309 1059 3372 Iberis
1080 3289 1291 3391 imperabat,
1320 3316 1355 3372 et
1387 3310 1523 3372 obsides
1555 3309 1684 3374 liberos
1716 3312 1829 3374 dare)

417 3412 490 3490 Liv.
512 3412 601 3493 Epit.
622 3414 674 3476 CI.
695 3414 917 3498 «Pompejus,
938 3435 1046 3495 quum
1063 3413 1303 3475 Mithridatem
1320 3422 1603 3497 persequeretur,
1629 3416 1667 3476 iu
1689 3416 1829 3479 ultimas

418 3515 621 3600 ignotasque
640 3527 758 3602 gentes
776 3521 985 3605 penetravit,
1006 3523 1125 3584 Iberos
1140 3521 1379 3599 Albanosque,
1400 3518 1461 3596 qui
1478 3517 1658 3577 transitum
1679 3536 1750 3579 non
1768 3523 1830 3580 da·
1897 3519 1901 3528 “

416 3621 517 3698 bant,
538 3623 663 3704 proelio
674 3625 789 3688 vicit.»
809 3631 949 3710 Eutrop.
965 3630 1023 3692 VI.
1040 3642 1087 3702 14.
1108 3625 1311 3708 ..Pompejus
1325 3641 1405 3684 mox
1419 3622 1522 3708 etiam
1534 3620 1677 3694 Albanis
1694 3620 1827 3686 bellum

418 3724 538 3789 intulit
556 3736 590 3793 et
608 3749 729 3791 eorum
749 3751 866 3816 rogem
882 3733 1024 3794 Oroden
1044 3739 1096 3794 ter
1114 3729 1216 3813 vicit,
1235 3737 1408 3812 postremo
1426 3746 1489 3810 per
1505 3724 1666 3808 epistolas
1692 3745 1731 3802 ac
1748 3748 1823 3790 mu-

419 3852 504 3897 nera
522 3845 661 3921 rogatus
684 3838 821 3900 veniam
841 3841 874 3901 ei
901 3859 940 3900 ac
965 3832 1084 3921 pacem
1105 3836 1211 3898 dedit.
1240 3833 1361 3899 Iberiae
1385 3850 1523 3915 quoque
1543 3852 1659 3918 regem
1679 3833 1826 3898 Artocen

320 3991 324 4002 .
419 3938 502 4001 vicit
522 3941 595 4002 acie
618 3951 651 4004 et
674 3943 713 4004 in
731 3942 946 4004 deditionem
968 3942 1130 4025 accepit.»

502 4039 560 4122 ⁰⁹)
583 4043 651 4104 Cfr.
671 4048 761 4108 Plut.
788 4048 894 4109 Crass.
914 4067 942 4108 c.
964 4051 1013 4109 13.
1041 4050 1124 4108 Cato
1144 4048 1192 4108 16.
1212 4044 1279 4107 Dio
1297 4045 1385 4106 Cass.
1403 4042 1568 4110 XXXVII.
1585 4065 1614 4122 9.
1642 4015 1830 4108 Plutarchox

423 4155 565 4210 auctore.
580 4148 746 4212 dissensio
762 4144 925 4217 intereos
946 4157 1038 4235 orta,
1058 4152 1153 4232 quod
1174 4152 1310 4214 Crassus
1327 4151 1521 4237 Aegyptum
1542 4150 1709 4214 Romanis
1721 4149 1827 4215 vecti·

419 4253 533 4338 galem
555 4251 666 4315 facere
684 4255 804 4319 voluit.
1134 4265 1137 4272 ’

506 4356 585 4442 ⁰⁰⁰)
607 4357 674 4422 cfr.
694 4359 765 4424 Cic.
781 4363 825 4426 de
846 4357 944 4426 offic.
964 4363 1027 4425 111.
1045 4383 1093 4427 11.
1112 4382 1177 4450 pro
1195 4362 1302 4426 Balbo
1321 4365 1371 4427 25.
1391 4361 1471 4426 Em.
1491 4359 1583 4426 Clas.
1599 4358 1668 4426 cic.
1685 4377 1711 4425 s.
1725 4380 1757 4423 v.
