4334 5354
365 677 476 762 aliquis
493 671 620 734 salustio
639 663 715 760 bene
731 667 901 726 consultum
917 666 1018 746 putat,
1038 657 1141 747 quod,
1154 683 1217 746 quae
1237 659 1409 744 corruptelae
1422 661 1455 720 in
1469 659 1609 722 sexcentis
1617 655 1702 722 libris
1723 635 1773 738 ina

365 785 543 850 veniuntur,
564 795 603 832 eae
623 759 730 831 iteium
752 773 830 851 typis
847 771 1068 850 exprimuntur3
1089 784 1146 830 tres
1170 769 1239 844 libri
1262 791 1326 830 non
1349 768 1463 833 inventi
1479 777 1549 826 sunt
1567 769 1656 847 8659.
1681 768 1771 842 8554.
1914 795 1925 805 ·

365 878 609 964 8609.1ncod.
633 879 710 956 1778
731 894 825 957 pauca
848 896 940 957 eaque
962 879 1058 937 lacera
1076 873 1231 958 Jugurthae
1249 885 1278 934 et
1301 874 1437 934 Catilina
1465 875 1631 955 fragmenta
1659 876 1771 935 insunt.

154 978 158 1082 ἰ
261 975 268 1048 ¹.
364 987 628 1060 God.,ooaa-saec.
657 981 721 1043 XV.
756 981 935 1041 nitidissime
968 983 1118 1062 scriptus,
1134 979 1232 1042 Oratt.
1257 975 1390 1040 ambivii
1415 979 1531 1040 Decede
1557 979 1771 1059 prima‚-bello

362 1089 628 1158 Punicotsecundo
644 1098 674 1148 et
695 1085 822 1148 historia
837 1085 910 1146 belli
930 1073 1118 1146 Macedonici
1138 1107 1172 1146 ex
1193 1085 1233 1159 Q.
1253 1085 1357 1146 Curtio
1380 1095 1411 1144 et
1431 1105 1465 1144 ex
1477 1085 1606 1145 Salustio
1629 1086 1772 1146 continet.

363 1205 448 1278 etxjua
465 1196 576 1257 codicia
595 1197 747 1274 specimen
769 1211 858 1272 supra
876 1211 1041 1272 expressum
1068 1191 1159 1266 Catil.
1177 1213 1206 1256 c.
1228 1191 1277 1252 51.
1301 1193 1348 1252 52.
1369 1189 1423 1250 ubi
1444 1192 1517 1249 salso
1547 1198 1609 1268 ejus
1630 1192 1771 1250 lectiones

279 1307 282 1314 '
362 1303 467 1369 codici
483 1301 572 1362 6085.
600 1298 652 1379 (e.)
679 1297 833 1377 adscripta
856 1297 945 1369 sunta
975 1316 1065 1377 quare
1087 1294 1233 1357 hocloco
1253 1297 1394 1356 lectiones
1416 1295 1492 1358 God.
1512 1318 1539 1358 c.
1561 1317 1699 1376 excapp.
1718 1299 1769 1361 51.

364 1411 413 1471 52.
431 1413 560 1490 integras
578 1386 787 1485 exprimendas¹
800 1402 909 1462 curaui.
927 1399 994 1461 Cat.
1014 1423 1042 1466 c.
1065 1402 1113 1466 51.
1129 1401 1265 1463 effitiunt
1275 1435 1291 1448 -
1305 1400 1400 1476 nichil
1415 1402 1586 1481 -inpulsi-
1602 1401 1771 1472 lubidinem
1819 1427 1841 1460 ,·
1873 1447 1876 1452 .

363 1513 397 1595 (ἰ
414 1533 482 1593 sup.
500 1513 570 1588 lin.)
593 1521 623 1569 et
646 1509 765 1569 aduersa
787 1505 891 1592 (atque
910 1526 976 1586 sup.
999 1504 1072 1584 lin.)
1098 1527 1185 1565 causa
1207 1540 1222 1552 ·
1245 1505 1424 1566 dimiserunt
1450 1541 1466 1551 -
1482 1518 1590 1588 cartag.
1616 1539 1634 1554 -
1666 1527 1773 1586 querc-

362 1617 437 1680 bant
451 1650 471 1665 -
495 1638 545 1696 ap.
562 1634 613 1677 vos
630 1617 726 1690 valeat
743 1648 757 1661 ·
781 1633 854 1675 neve
870 1609 948 1689 (neu
975 1628 1043 1690 sup.
1059 1608 1135 1688 lin.)
1163 1643 1181 1678 ,-
1216 1609 1353 1690 adprobo
1372 1622 1587 1692 -exuperat-
1609 1599 1773 1679 occiderint

364 1720 399 1806 (e
414 1743 481 1802 sup.
496 1719 570 1800 lin.)
590 1754 609 1769 -
635 1723 775 1796 amplexu
796 1745 814 1760 ·
840 1714 1046 1772 collibuissent
1072 1749 1088 1759 -
1107 1717 1229 1793 spoliari
1250 1749 1269 1762 -
1293 1718 1460 1776 inmortalis
1484 1750 1503 1765 -
1524 1706 1561 1776 et*
1573 1728 1634 1776 tam
1659 1727 1741 1776 atrox
1750 1723 1772 1761 ‘'-

363 1825 519 1887 aocendit:
537 1826 603 1884 vel:
624 1827 680 1878 ant
703 1850 722 1866 -
751 1818 823 1875 item
851 1817 884 1876 in
913 1837 1050 1876 maxuma
1070 1815 1109 1896 (i,
1128 1837 1196 1904 sup.
1221 1820 1292 1896 lin.)
1313 1851 1332 1868 ··
1357 1825 1400 1881 aie
1418 1807 1589 1882 existimoss
1611 1827 1645 1881 in
1674 1825 1772 1881 talia-

263 1971 265 1976 ·
363 1915 611 2012 prasertim'oum
630 1923 832 1982 -inmortalia‘
851 1953 870 1968 -
885 1931 938 1982 aut
954 1922 1018 1982 alic
1037 1922 1284 2009 leges-*ednatie
1301 1952 1320 1971 -
1338 1923 1435 1983 libido
1449 1925 1614 2004 gentibus·
1633 1947 1667 1984 ex
1683 1926 1772 1984 rebus
1818 1929 1820 1936 ’

364 2033 488 2094 δοηίεέ
508 2033 626 2112 ignaros
646 2026 720 2088 -hi
742 2029 840 2106 primo
869 2019 982 2108 caepere
1010 2030 1156 2106 paulatim
1181 2063 1198 2074 -
1224 2027 1386 2089 libidinose
1408 2061 1425 2075 -
1446 2031 1541 2110 grauis
1565 2051 1679 2110 peenas.
1697 2065 1716 2078 -
1737 2041 1772 2090 ut

363 2138 412 2200 his
429 2140 492 2204 -in
508 2137 569 2195 alio
589 2145 683 2214 temp.
699 2161 718 2180 ··
734 2131 791 2195 eub
806 2134 868 2192 elio
880 2137 1004 2193 consule
1016 2165 1036 2180 ·
1053 2143 1162 2193 statuet
1179 2136 1227 2192 illi
1242 2136 1335 2194 finem
1350 2166 1369 2181 -
1382 2135 1551 2194 aaunitibus
1565 2169 1580 2182 -
1595 2135 1772 2214 ydoneum-

363 2243 478 2305 imiten'
496 2241 593 2301 bonos
615 2259 706 2321 quam
727 2238 858 2302 invidere
877 2238 966 2306 bonis
983 2271 1001 2286 -
1018 2239 1240 2300 codnatiasumo
1257 2257 1439 2298 summum-
1454 2261 1508 2322 ego
1526 2239 1605 2300 banc
1623 2215 1739 2300 causam
1756 2277 1771 2286 -

363 2359 439 2430 puto
462 2354 602 2428 magnam
623 2378 642 2393 -
666 2347 787 2410 maxim.
815 2345 890 2425 imp.
916 2345 1010 2405 facere
1037 2365 1170 2425 -quam
1203 2346 1296 2405 sitin
1322 2345 1408 2423 pobia
1423 2379 1442 2393 -
1459 2366 1520 2406 esse
1544 2347 1736 2430 publicandas
1756 2383 1771 2394 -

363 2455 438 2515 aciat
461 2462 597 2513 senatum
627 2449 662 2511 C.
683 2451 732 2512 52.
753 2460 913 2532 postquam
937 2469 1007 2512 vero
1025 2481 1043 2496 -
1062 2449 1158 2531 ploris
1175 2451 1265 2532 pretii
1282 2483 1301 2498 -
1324 2445 1393 2511 non'
1410 2453 1501 2511 modo
1522 2457 1620 2534 agitur
1638 2486 1656 2500 -
1682 2448 1772 2514 tolle·
1819 2529 1822 2535 Ι
1874 2511 1876 2514 .

352 2557 449 2643 ¹rabat
470 2556 684 2639 negligentiam
704 2589 720 2602 -
740 2555 800 2615 aud
821 2575 910 2636 quam
930 2557 1055 2636 magnii.
1069 2588 1088 2603 -
1108 2555 1160 2614 sed
1176 2553 1239 2616 haec
1259 2565 1371 2637 cujusc.
1387 2593 1403 2603 -
1420 2547 1487 2617 vera
1503 2577 1569 2623 voc.
1587 2579 1684 2618 rerum
1701 2591 1720 2606 -
1741 2571 1772 2619 et

365 2672 489 2724 caveant
511 2661 583 2719 dum
601 2695 617 2706 -
641 2657 733 2740 paulo
752 2671 822 2719 ante
844 2695 860 2706 -
883 2669 919 2719 ut
941 2660 1030 2720 credo
1053 2694 1069 2706 -
1091 2681 1152 2720 esse
1171 2661 1367 2741 publicandas
1387 2695 1406 2710 ··
1432 2662 1527 2724 hbdas
1549 2685 1609 2724 esse
1625 2698 1644 2713 -
1663 2669 1770 2744 paulu-

364 2769 430 2824 lum
453 2763 545 2822 modo
561 2791 579 2807 -
598 2763 685 2838 copia
700 2759 788 2818 nobie
805 2801 824 2814 .
840 2769 990 2818 nonnulla
1009 2775 1079 2818 sunt
1131 2765 1169 2824 ad
1188 2766 1301 2828 bellum
1326 2756 1504 2827 arcesserunt
1523 2769 1616 2830 -dux
1639 2767 1769 2828 hostium

365 2891 393 2930 c.
418 2867 546 2927 exercitu
571 2871 660 2943 cupra
684 2870 775 2942 caput
795 2871 837 2924 est
862 2893 881 2909 -
903 2871 934 2921 et
956 2853 1040 2924 n‘unc
1059 2861 1232 2924 dubitatis·
1253 2865 1284 2929 h.
1307 2867 1523 2933 adulescentuli
1540 2902 1558 2914 -
1577 2893 1651 2948 saepe
1671 2875 1703 2930 in
1727 2895 1769 2932 m.

364 2974 432 3034 Aut.
453 2973 571 3032 Mallius
587 3000 606 3015 -
627 2969 660 3026 in
677 2967 757 3026 bello
774 3001 788 3014 ·
810 2967 843 3026 ni
862 2969 970 3026 iterum
983 3000 1002 3013 -
1026 2967 1058 3026 in
1082 2945 1219 3032 faucibus
1244 2971 1331 3029 italiae
1350 2982 1455 3052 urguet
1474 2973 1544 3050 (noa
1559 2970 1677 3053 punctis
1692 2978 1772 3054 not.)

365 3081 409 3142 ite
430 3097 534 3140 censeo
553 3071 608 3156 eg'o
622 3107 642 3122 -
660 3071 765 3154 hiique
779 3071 897 3132 'indicio
916 3105 933 3118 ·
948 3071 1124 3153 alobrogum
1140 3106 1159 3121 -
1182 3075 1299 3156 aliaque
1317 3075 1391 3139 feda.
1714 3061 1715 3066 ἵ
