4230 5348
1729 457 1801 549 139

392 637 645 727 interpretatio.
667 637 727 701 cfr.
746 635 835 702 Hist.
851 638 893 698 R.
914 638 957 702 R.
976 643 1006 701 3.
1024 662 1059 723 p.
1086 643 1154 718 146.
1179 659 1252 723 sqq.
1274 662 1351 706 eum
1378 652 1494 710 nostro
1513 645 1705 732 fragmento
1719 648 1804 728 jun·

389 747 503 831 genda
535 764 605 808 esse
631 743 826 829 videntur,v
846 763 923 824 quae
945 764 1054 828 supra¹
1078 745 1122 812 fr.
1153 753 1181 810 3.
1220 751 1268 818 26.
1304 750 1476 835 leguntur.
1513 754 1561 815 Ex
1590 755 1695 815 Lectt.
1720 757 1807 818 Var.

389 843 594 914 illudebant
620 850 825 914 addiderim.
846 857 967 913 contra
996 851 1101 915 Debr.
1129 853 1254 917 mutila
1278 856 1383 920 verba
1403 856 1453 918 ita
1474 858 1641 940 explenda
1659 841 1799 923 'censete

391 949 548 1044 ingressi
568 961 676 1018 tanta
686 951 851 1044 feritate
875 939 1522 1044 debacchantur.'vulnusperversum
1533 961 1678 1045 dicitur⁷
1707 965 1802 1044 quod

391 1059 536 1144 fredum,
561 1058 715 1124 deforme
735 1069 769 1125 et
781 1068 899 1125 contra
913 1061 970 1139 jus
984 1061 1103 1145 fasque
1125 1065 1288 1146 infertum
1309 1087 1380 1148 quo
1400 1084 1521 1149 corpus
1543 1065 1715 1128 laceratur
1736 1083 1799 1150 pe·

335 1191 337 1196 s
378 1163 458 1228 =tius
470 1185 574 1246 quam
589 1165 795 1230 interficitur
802 1191 812 1242 3
836 1187 882 1229 ea·
899 1169 982 1232 Ioco
1005 1167 1099 1234 servi
1117 1172 1244 1254 quibus
1264 1192 1304 1236 eo
1324 1172 1363 1235 in
1380 1153 1470 1235 loco'
1482 1169 1697 1248 domicilium
1719 1179 1802 1233 erat.

389 1274 467 1334 Non
491 1270 707 1358 enimUIocus
739 1293 803 1357 pro
830 1273 917 1338 urbe
955 1273 1105 1361 dictum,
1138 1277 1256 1342 sedin
1280 1279 1490 1342 universum.
1520 1275 1716 1362 regionem,
1738 1275 1802 1338 ubi

389 1376 473 1439 urbs
489 1376 555 1439 sita
577 1376 663 1461 fuit,
692 1373 873 1464 significat.
908 1400 1023 1462 neque
1046 1389 1216 1446 sanctum
1240 1391 1309 1446 aut
1328 1380 1538 1473 nefandum.
1560 1383 1585 1444 i.
1609 1402 1636 1445 e.
1657 1401 1679 1445 a
1701 1381 1800 1442 nullo
1880 1437 1883 1442 .

390 1480 543 1578 facinore
561 1492 619 1544 aut
634 1492 777 1566 propter
795 1484 1001 1570 religionem
1017 1495 1075 1549 aut
1087 1497 1229 1572 propter
1241 1487 1455 1553 atrocitatem
1473 1488 1717 1551 abhorrebant.
1740 1484 1805 1547 cfr.

391 1587 461 1648 Cat.
477 1603 524 1654 aa.
539 1586 577 1648 in
585 1587 896 1674 finefragmentum
907 1592 1001 1654 haud
1013 1593 1119 1657 dubie
1128 1597 1327 1679 abruptum3
1342 1590 1490 1671 statuit,
1505 1588 1661 1666 tentavit
1671 1590 1726 1654 vel
1735 1590 1804 1652 tale

390 1691 476 1771 quid
489 1681 628 1755 videtur
644 1714 715 1758 esse
732 1696 970 1781 supplendum.
991 1732 1010 1748 -
1020 1699 1110 1760 ι68.-
1129 1697 1289 1782 Aliquot
1300 1695 1375 1764 dies
1389 1707 1451 1764 etc.
1467 1697 1705 1782 expeditione,
1727 1713 1803 1776 quae

388 1797 455 1858 hoc
468 1795 661 1882 fragmento
674 1799 883 1884 illustratur,
895 1804 1007 1882 Debr.
1023 1804 1157 1881 judicat
1170 1805 1354 1870 Varinium
1364 1804 1515 1867 Thurios
1537 1823 1558 1864 a
1569 1800 1725 1885 fugitivis
1739 1799 1804 1863 ob·

390 1919 496 1964 sessos
518 1903 668 1968 liberare
684 1906 845 1970 voluisse.
868 1905 928 1973 cfr.
954 1907 1043 1970 Hist.
1064 1911 1105 1969 R.
1127 1911 1167 1969 R.
1186 1915 1215 1971 3.
1237 1931 1272 1990 p.
1294 1914 1362 1974 161.
1382 1929 1457 1989 sqq.
1482 1909 1578 1987 quod
1596 1906 1739 1987 quidem
1764 1905 1802 1967 in

390 2007 506 2068 medio
526 2009 698 2087 relinqu0.
714 2006 841 2091 promi
862 2006 991 2098 lingua
1010 2010 1071 2074 cfr.
1093 2013 1172 2095 Jug.
1197 2026 1247 2086 44.
1268 2012 1390 2096 lingua
1411 2031 1515 2090 quam
1535 2030 1640 2071 manu
1660 2029 1803 2092 promp-

390 2109 469 2170 tior.
491 2119 524 2170 et
541 2111 615 2172 Liv.
641 2129 670 2174 a.
692 2115 742 2186 45.
762 2115 830 2178 Sed
852 2111 1017 2199 linguam
1039 2107 1157 2176 alicui
1168 2114 1295 2194 promi
1311 2115 1370 2174 vix
1390 2113 1433 2173 ab
1455 2110 1525 2172 alio
1546 2112 1712 2191 scriptore
1731 2114 1804 2174 dic·

373 2221 463 2291 ,tum
483 2213 649 2278 invenias.
663 2235 792 2297 presso
817 2216 952 2304 gradu.
975 2219 1169 2298 oppositum
1188 2217 1301 2296 pleno
1320 2215 1444 2302 gradu
1470 2212 1530 2276 cfr.
1555 2213 1629 2275 Liv.
1659 2215 1688 2281 8.
1705 2215 1741 2275 ’8.
1770 2225 1803 2278 et

392 2320 454 2402 ae.
467 2333 513 2394 14.
533 2319 622 2382 bene
639 2321 734 2382 Fore.
754 2317 777 2380 i.
796 2340 825 2384 e.
840 2321 953 2396 lento,
981 2319 1096 2400 qualis
1117 2327 1167 2383 est
1186 2327 1283 2383 caute
1313 2317 1565 2393 incedentium
1593 2336 1665 2380 non
1686 2325 1800 2380 autem

376 2423 504 2508 firmo
517 2425 612 2503 quod
630 2423 725 2486 idem
742 2425 856 2501 addit3
877 2443 956 2485 nam
973 2409 1108 2507 pressius
1129 2446 1202 2487 non
1222 2423 1366 2506 dicitur,
1387 2422 1449 2503 qui
1469 2437 1565 2486 terrae
1587 2421 1801 2506 inprimitur,

391 2531 451 2592 sed
474 2528 537 2608 qui
556 2526 810 2611 comprimitur3
840 2527 963 2611 saepius
986 2525 1079 2590 enim
1095 2549 1262 2615 premere
1287 2535 1321 2590 et
1343 2527 1458 2590 laxare
1485 2535 1720 2611 opponuntur.
1753 2529 1802 2590 ita

389 2652 546 2716 premere
561 2625 665 2697 ¹frena
690 2640 724 2696 et
744 2634 897 2696 habenas
918 2640 979 2695 etc.
1002 2630 1063 2694 cfr.
1078 2632 1173 2716 Virg.
1189 2634 1273 2694 Aen.
1297 2634 1325 2697 6.
1350 2653 1421 2712 197·
1442 2631 1739 2716 vestigiapressit3
1764 2640 1798 2696 et
1896 2683 1902 2692 .

284 2771 286 2782 -
391 2738 466 2801 Val.
489 2739 597 2800 Flacc.
626 2755 655 2798 a.
679 2752 750 2814 424.
782 2738 923 2802 attoniti
943 2742 1095 2821 pressere
1112 2739 1275 2820 gradum3
1305 2735 1353 2799 ita
1386 2755 1523 2799 causam
1546 2755 1702 2819 premere
1730 2737 1800 2799 Cic.

391 2843 483 2908 Brut.
503 2863 553 2922 97.
574 2838 772 2906 certamini
786 2839 928 2908 conscii
946 2879 988 2895 ·-
1009 2842 1119 2904 rarius
1146 2841 1229 2902 huic
1252 2839 1422 2916 adjectivo
1450 2841 1585 2903 dativus
1610 2843 1668 2903 rei
1683 2842 1803 2925 jungi·
1923 2863 1925 2866 ·

393 2954 464 3029 tur,
486 2955 520 3010 et
540 2950 635 3031 apud
661 2949 910 3010 Grammaticos
942 2948 1006 3007 hac
1030 2948 1073 3007 de
1103 2952 1272 3008 structura
1295 2944 1404 3005 altum
1426 2944 1623 3028 silentium,
1645 2946 1709 3008 etsi
1733 2946 1802 3030 ipsi

290 3062 292 3074 ’
392 3051 552 3115 Ciceroni
572 3051 698 3138 usitata
719 3041 778 3113 est.
801 3049 862 3112 cfr.
887 3051 955 3111 Cic.
971 3069 1035 3132 pro
1056 3049 1161 3113 Caelio
1175 3068 1201 3114 e.
1225 3071 1273 3113 21.
1293 3049 1332 3112 in
1347 3051 1444 3118 Verr.
1465 3065 1495 3124 4.
1511 3053 1560 3113 56.
1579 3052 1643 3115 Sed
1667 3051 1799 3136 nihilo-

394 3155 510 3218 minus
533 3162 647 3217 tamen
657 3153 763 3216 dictio
780 3151 932 3215 insolita.
954 3171 1071 3214 sensus
1092 3155 1183 3214 enim
1202 3141 1276 3216 esse
1297 3153 1453 3218 videtur:
1475 3176 1554 3218 cum
1576 3159 1671 3218 haud
1685 3156 1801 3240 ignari
1900 3191 1903 3196 ,
1944 3205 1947 3212 .

394 3267 506 3326 essent
525 3257 743 3339 certaminis,
762 3257 857 3336 quod
878 3255 1026 3315 Romani
1047 3255 1148 3319 ineo
1172 3267 1284 3337 erant,
1307 3266 1346 3319 ut
1367 3269 1595 3328 consererent.
1607 3258 1728 3350 jupta
1745 3281 1801 3323 se·

395 3359 570 3428 ditionem
594 3368 703 3425 erant
734 3361 757 3421 i.
784 3378 812 3424 e.
836 3361 929 3434 haud
959 3359 1080 3441 procul
1103 3379 1124 3420 a
1145 3362 1314 3425 seditione
1338 3365 1501 3428 aberant..
1522 3366 1682 3431 efnTac.
1710 3368 1798 3427 Ann.

396 3469 607 3549 6.13.'juxta
628 3466 834 3531 seditionem
852 3473 990 3528 ventum
1013 3475 1046 3528 et
1056 3469 1144 3528 Ann.
1168 3482 1214 3540 14.
1233 3485 1285 3542 42.
1306 3473 1414 3549 usque
1431 3474 1475 3531 ad
1492 3469 1698 3532 seditionem
1717 3488 1800 3530 ven·
1843 3553 1845 3558 λ

395 3585 480 3654 tum.
500 3575 634 3656 offerre
648 3593 813 3662 pugnarn
840 3569 864 3634 i.
881 3592 910 3636 e.
929 3573 1021 3638 hosti
1041 3573 1156 3634 locum
1176 3573 1357 3658 pugnandi
1377 3577 1476 3647 dare;
1499 3572 1615 3635 simile
1637 3581 1687 3634 est
1706 3574 1799 3654 apud

395 3685 474 3746 Tac.
496 3682 584 3746 Hist.
606 3695 701 3756 2.14.
723 3699 759 3743 se
781 3678 917 3750 incaute
932 3679 1024 3742 hosti
1045 3673 1179 3746 offerre.
1199 3681 1323 3759 -169.-
1343 3673 1494 3766 Magnis
1512 3673 1681 3758 operibus
1701 3695 1800 3739 eom·
1908 3754 1911 3759 f

397 3784 542 3850 nmnita
561 3788 603 3839 -·'-
623 3792 731 3848 castra
751 3786 898 3864 scilieet3
919 3787 985 3850 hoc
1013 3786 1108 3850 enim
1131 3786 1358 3871 supplendmn
1380 3802 1452 3848 esse
1466 3782 1611 3844 ridetur.
1635 3789 1815 3864 praeterea.

396 3889 452 3954 his
459 3889 630 3975 praeponit
639 3891 744 3954 Debr.
753 3893 956 3975 Spartacus
967 3897 1064 3955 tenet
1072 3912 1158 3966 suos
1169 3887 1337 3967 intra.-
1348 3884 1598 3969 stationesque
1612 3885 1800 3950 -ridetur

398 3999 651 4068 emendandum
670 4015 757 4061 esse:
784 3993 964 4091 stationes
985 3992 1220 4086 vigiliasque3
1241 3997 1299 4060 vix
1320 3995 1414 4058 enim
1437 3993 1565 4076 aliquis
1583 3992 1623 4055 in
1648 3999 1800 4057 mentem

397 4104 465 4168 sibi
484 4105 646 4188 inducat,
672 4104 857 4189 particulas
887 4125 971 4187 que,
999 4111 1035 4166 et
1064 4106 1100 4166 h.
1123 4104 1147 4166 l.
1177 4105 1221 4164 ab
1244 4110 1382 4166 auctore
1413 4121 1483 4165 esse
1515 4098 1698 4182 oppositas.
1728 4115 1796 4179 qua

399 4215 442 4292 de
474 4233 512 4275 re
551 4211 611 4295 cfr.
647 4211 736 4273 Cort.
772 4213 816 4271 ad
849 4212 925 4295 Jug.
960 4213 1006 4299 55.
1047 4235 1071 4272 ι.
1101 4219 1137 4272 et
1168 4207 1259 4271 infra
1290 4207 1332 4270 fr.
1370 4210 1438 4287 247.
1481 4207 1528 4267 ita
1562 4205 1725 4268 stationes
1765 4211 1799 4266 et

399 4316 527 4400 uigilia
557 4317 741 4398 sepissime
772 4324 1035 4399 componuntur.
1068 4315 1128 4376 cfr.
1158 4313 1199 4375 fr.
1230 4332 1257 4378 a.
1290 4329 1338 4391 27.
1370 4311 1441 4374 Liv.
1466 4313 1495 4372 3.
1520 4310 1548 4371 5.
1568 4311 1657 4371 Tac.
1677 4306 1800 4370 Annal.
1878 4347 1879 4351 ,
