4282 5390
468 761 470 765 f
491 661 562 770 'Qui
583 703 662 748 cum
685 683 723 746 in
743 678 879 746 Etruria
897 675 1111 763 subsisteret,
1130 673 1339 763 proscriptos
1355 679 1548 759 revocaret,
1569 682 1602 740 et
1620 675 1753 741 bellum
1770 675 1818 738 ci·
1877 735 1880 741 .

379 801 387 812 ‘
412 791 482 855 vile
503 798 672 874 moveret,
693 809 714 854 a
739 793 858 852 senatu
878 785 922 846 ad
946 785 1088 848 comitia
1113 783 1308 848 consularia
1330 785 1491 850 habenda
1513 790 1707 864 revocatus,
1737 805 1816 870 cum

412 897 562 970 exercitu
581 901 729 970 Romam
748 891 935 956 contendit.
954 892 1113 976 (Appian.
1129 913 1157 954 c.
1181 889 1265 972 1o7.)
1285 890 1396 976 Igitur
1415 910 1435 951 a
1456 888 1577 950 Catulo
1599 889 1656 952 lex
1680 888 1816 952 Plautia

327 1008 331 1010 ’
411 999 521 1064 relata
541 977 700 1064 et‘multa
718 998 869 1062 severius
891 998 1021 1062 sancita
1042 981 1132 1058 sunt.
1156 992 1225 1056 Cic.
1233 1014 1303 1078 pro
1317 987 1421 1057 Caelio
1447 1011 1504 1070 293
1524 993 1594 1059 Act.
1620 992 1659 1054 in
1674 994 1770 1059 Verr.
1790 996 1817 1056 I.

413 1125 469 1183 1⁰3
484 1104 520 1187 θ)
540 1103 651 1166 Simul
670 1103 869 1166 Janiculum
895 1112 929 1167 et
955 1105 1046 1164 Pons
1063 1098 1215 1163 Mulvius
1234 1098 1403 1181 prasidiis
1426 1105 1610 1180 occupatus
1630 1107 1664 1161 et
1690 1099 1818 1162 exerci-

407 1217 485 1292 tus,
507 1209 628 1270 Catulo
652 1215 685 1269 et
706 1205 871 1291 Pompejo
895 1205 1057 1286 ducibus,
1083 1201 1176 1268 hosti
1192 1203 1339 1267 obviam·
1360 1205 1481 1266 ductus
1508 1211 1567 1267 est.
1600 1204 1690 1266 Flor.
1714 1209 1745 1266 3.
1767 1209 1815 1266 23.
1855 1239 1858 1246 ⁴

405 1315 434 1374 A
452 1312 579 1393 quibus
589 1311 704 1394 primo
722 1311 837 1374 statim
848 1310 980 1394 impetu
995 1317 1087 1373 retro
1101 1309 1234 1394 pulsus,
1254 1307 1404 1391 Lepidus
1417 1309 1456 1371 in
1472 1298 1642 1372 Etruriam
1652 1310 1812 1385 recessit.

404 1417 495 1478 Flor.
506 1417 531 1478 l.
545 1417 569 1478 1.
582 1417 649 1480 Sed
659 1423 737 1480 'cum
751 1407 867 1480 Gallia
883 1414 1058 1499 Cisalpina
1069 1434 1090 1477 a
1103 1417 1151 1478 M.
1162 1417 1278 1497 Bruto,
1298 1413 1371 1491 ejus
1387 1415 1520 1500 legato,
1539 1415 1708 1498 praesidiis
1719 1423 1815 1477 tene-

404 1528 516 1614 retur,
538 1523 721 1607 Pompejus
751 1544 828 1585 cum
857 1522 1006 1587 exercitu
1034 1541 1076 1604 eo
1106 1522 1249 1597 missus,
1275 1518 1445 1600 reliquam
1475 1517 1692 1604 provinciam
1720 1518 1823 1582 facili.

405 1627 548 1712 negotio
567 1629 702 1712 pacavit
725 1635 758 1692 et
777 1627 947 1690 Mutinam
964 1628 1107 1703 urbem,
1127 1645 1197 1708 quo
1220 1627 1374 1688 hostium
1393 1628 1463 1688 dux
1483 1623 1701 1708 confugerat,
1724 1623 1819 1686 ohsi-

408 1731 513 1796 dione
544 1734 675 1796 clausit.
698 1735 786 1800 Plut.
809 1735 929 1816 Pomp.
954 1736 1002 1793 16.
1041 1733 1125 1816 Quae
1145 1734 1228 1793 dum
1245 1739 1427 1816 geruntur,
1447 1729 1597 1811 Lepidus
1617 1729 1656 1790 in
1679 1727 1816 1790 Etruria

405 1857 515 1901 novos
539 1841 690 1904 delectus
707 1839 848 1922 habuit,
868 1848 901 1902 et
915 1838 1047 1900 bellum
1066 1837 1248 1919 reparavit.
1268 1837 1335 1903 Sal.
1353 1837 1437 1920 frag.
1460 1836 1553 1898 Orat.
1571 1833 1660 1899 Phil.
1677 1837 1816 1898 Zonarae

406 1944 518 2006 Annal
538 1947 577 2006 T.
600 1948 643 2012 II.
664 1945 753 2008 Edit.
778 1945 878 2012 Basil.
895 1925 1044 2024 '1557jp2
1067 1959 1135 2004 120.
1147 1942 1204 2022 aa)
1415 2013 1418 2018 1

428 2067 431 2074 ⁴
462 2073 464 2078 ·
494 2051 625 2116 Eodem
644 2071 735 2114 anno
756 2050 889 2112 bellum
913 2049 952 2109 in
971 2047 1140 2131 Hispania
1161 2051 1248 2110 duce
1266 2047 1407 2130 Metello
1425 2043 1522 2108 varia
1540 2043 1679 2106 fortuna
1698 2051 1817 2106 contra

407 2153 596 2218 Sertorium
624 2165 766 2242 gestum.
804 2154 873 2238 Qui
898 2155 1040 2235 quidem
1060 2174 1081 2214 a
1103 2157 1142 2215 L.
1158 2153 1320 2236 Scipione
1347 2160 1381 2216 et
1407 2150 1629 2214 C.·Norhano
1660 2137 1758 2210 Coss.
1777 2148 1816 2208 in

407 2253 613 2343 Hispaniam
623 2263 815 2338 propraetor
827 2259 959 2331 missus,
973 2259 1081 2332 (Plut.
1091 2260 1175 2338 Sert.
1185 2279 1214 2326 c,
1227 2257 1273 2327 6.)
1282 2259 1301 2318 J
1304 2255 1590 2340 ulioSaliuatore,
1605 2254 1678 2332 ejus
1689 2253 1825 2335 legato.

410 2359 472 2439 qui
501 2361 607 2424 saltus
626 2361 809 2443 Pyrenaeos
835 2358 952 2422 valida
973 2371 1090 2418 manu*
1107 2357 1344 2434 occupaverat,
1369 2369 1432 2434 per
1453 2349 1689 2434 proditionem
1710 2355 1819 2418 inter-

1487 2552 1502 2602 t

405 2672 556 2754 Lepidus
580 2678 700 2733 contra
719 2660 881 2734 Catulum
913 2672 958 2734 ob
985 2674 1116 2733 metum
1139 2666 1266 2732 Siciliae
1290 2664 1483 2750 exspoliatae
1502 2666 1590 2751 (scil.
1610 2666 1815 2750 excitavit).»

404 2777 510 2840 Illum
528 2785 723 2840 accusatum
744 2781 788 2839 de
810 2777 1009 2860 repetundis
1024 2775 1145 2860 fuisse,
1165 2774 1343 2836 confirmat
1356 2774 1478 2839 Ascon.
1494 2775 1574 2835 Ped.
1600 2776 1644 2835 ad
1664 2773 1732 2835 Cic.
1752 2773 1812 2833 Or.

405 2881 445 2944 in
464 2884 560 2949 Verr.
574 2885 659 2950 Actt.
680 2886 724 2946 II.
747 2901 775 2944 2.
800 2888 830 2950 3.
853 2883 916 2945 ubi
935 2886 978 2944 ad
1001 2882 1174 2945 Ciceronis
1191 2881 1315 2943 verba:
1335 2879 1493 2953 ..tametsi
1514 2887 1546 2941 et
1562 2879 1664 2942 illum
1682 2898 1813 2940 annum
1834 2927 1840 2934 ,.

407 2982 641 3074 pertulerunt,
661 2991 723 3071 qui
743 2983 791 3052 sic
807 3011 866 3052 eos
878 2990 1058 3072 afflixerat,
1077 2996 1115 3049 ut
1129 2987 1214 3050 salvi
1230 3007 1300 3048 esse
1318 3006 1389 3047 non
1404 2992 1563 3068 possent,
1577 2989 1593 3025 >⁵
1613 2987 1685 3045 haec
1702 2986 1811 3046 adno-

409 3094 512 3156 tavit:
532 3135 548 3168 «
565 3097 611 3154 Μ.
636 3095 760 3176 Lepidi
779 3097 952 3179 praetoris,
974 3094 1035 3176 qui
1054 3093 1205 3156 accusari
1227 3100 1372 3175 coeperat
1391 3091 1557 3152 aduobus
1573 3087 1732 3171 Metellis,
1749 3089 1812 3150 Ce-
1847 3105 1850 3118 ·

406 3197 479 3260 lere
494 3207 527 3260 et
541 3201 689 3282 Nepote,
712 3201 773 3280 qui
794 3202 1027 3286 cumlegibus
1047 3201 1327 3284 interrogassent,
1346 3196 1429 3260 victi
1444 3195 1516 3272 ejus
1531 3196 1622 3277 apud
1642 3193 1811 3276 populum

406 3303 516 3387 gratia
537 3306 773 3369 destiterunt!>
793 3305 852 3370 cfr.
875 3313 996 3370 Ascon.
1017 3288 1105 3368 Edit.
1124 3308 1234 3389 Lugd.
1260 3307 1344 3394 1644.
1366 3304 1497 3385 p..113;
1519 3298 1578 3360 cfr.
1608 3300 1727 3360 eadem
1751 3317 1812 3379 pa-

405 3408 490 3492 gina
509 3411 617 3493 paulo
638 3411 738 3473 infra.
764 3421 849 3495 etp.
874 3436 921 3494 17.
941 3421 1115 3496 praeterea
1138 3412 1176 3474 in
1199 3410 1266 3478 Sal.
1289 3407 1409 3490 fragm.
1435 3405 1493 3465 Or.
1514 3403 1687 3485 Philippi:
1714 3443 1730 3476 «
1751 3423 1810 3464 an-

405 3512 501 3598 gitur
519 3516 614 3578 cnim
639 3525 672 3580 et
690 3517 860 3580 laceratur
879 3518 989 3582 animi
1008 3517 1171 3601 cupidine
1191 3523 1224 3578 et
1245 3533 1412 3586 nonarum
1429 3515 1556 3575 metu.»
1589 3507 1657 3595 Cic.
1675 3507 1746 3568 Act.
1767 3510 1810 3570 11.

355 3635 359 3645 “
403 3618 442 3680 in
461 3623 557 3688 Verr.
582 3627 612 3683 3.
633 3645 683 3702 91.
1607 3597 1620 3603 ,

490 3723 528 3809 θ)
537 3724 730 3791 Lutatium
742 3729 830 3790 hanc
838 3729 949 3813 legem
966 3730 1008 3790 ab
1025 3735 1163 3790 auctore
1177 3723 1385 3807 appellatam
1401 3739 1481 3794 esse,
1497 3718 1671 3781 Ernestius
1681 3719 1809 3781 statuit.

406 3831 473 3892 Sed
485 3831 725 3908 dubitaverim,
746 3857 840 3910 num,
861 3835 1030 3918 capitibus
1046 3829 1298 3910 aliquotveteri
1315 3828 1385 3911 legi
1396 3826 1544 3906 adjectis,
1556 3846 1683 3887 nomen
1701 3834 1811 3888 muta-

408 3935 506 4000 verit.
522 3939 639 4014 Neque
651 3929 706 3994 lex
720 3926 908 4015 Calpurnia
923 3943 962 3994 dc
980 3935 1132 4015 ambitu,
1148 3931 1204 3992 cui
1216 3931 1334 3992 Cicero
1349 3930 1483 3992 Consul
1500 3932 1609 3992 multa
1621 3925 1811 4015 addideist,

406 4039 485 4126 idco
514 4033 636 4100 Tullia
657 4037 759 4098 dicta.
1570 4051 1573 4058 ⁴

392 4229 394 4234 Α
449 4143 458 4202 .’
471 4142 545 4225 W)
568 4142 728 4221 Ejusdem
742 4141 828 4202 belli
842 4137 956 4200 socius
971 4136 1086 4218 Scipio
1103 4135 1245 4216 quidam
1262 4129 1344 4224 fuit,
1365 4141 1490 4202 Orosio
1506 4149 1588 4203 teste
1605 4139 1664 4202 cfr.
1679 4144 1707 4204 5.
1723 4137 1808 4216 aas.

403 4249 466 4338 fin,
482 4259 517 4312 et
541 4271 599 4328 223
621 4270 724 4330 quem
751 4248 890 4329 quidem
912 4243 1083 4326 Scipionis
1102 4244 1252 4308 consulis
1268 4265 1290 4308 a
1309 4224 1404 4340 Sulla
1423 4247 1553 4310 dimissi
1569 4247 1683 4309 filium
1703 4247 1810 4310 fuisse

406 4353 565 4434 conjicio.
586 4353 655 4418 cfr.
668 4355 760 4438 App.
772 4355 814 4414 de
829 4350 932 4415 bellis
951 4349 1023 4413 Civ.
1042 4372 1074 4436 Ιι.
1095 4350 1145 4412 85.
