4230 5348
358 663 458 758 agere
475 687 541 756 pro
562 669 635 735 illis
648 667 795 756 possitis.
815 671 910 752 quod
935 689 1007 736 non
1027 673 1113 736 adeo
1139 689 1304 758 magnum
1322 681 1381 738 aut
1403 671 1657 744 difficilovobis
1678 677 1769 760 erit‚'

358 798 438 844 cum
465 778 518 842 vis
544 777 657 841 omnis
685 778 723 840 in
748 776 848 842 vobis
868 777 945 844 sit.“
964 780 1006 842 In
1030 778 1206 863 prioribus
1226 779 1439 846 editionibus
1456 783 1565 846 multa
1586 769 1763 865 corrupta:

273 952 277 958 ,
357 884 567 948 mandando
596 887 660 968 pro
680 885 803 960 mod03
824 904 890 966 pro
918 904 989 966 quo
1018 883 1081 946 alii
1100 881 1218 967 queis,
1247 885 1310 947 alii
1335 888 1532 968 quomod03
1553 907 1616 970 per
1638 883 1765 952 virilia

355 987 484 1064 virtus,
512 986 686 1055 fortitudo.
703 996 738 1051 et
757 988 949 1053 constantia
968 987 1136 1066 malorum
1157 989 1411 1076 intelliguntur.
1442 1011 1513 1072 quo
1534 993 1578 1052 ad
1598 998 1761 1068 neutrum

355 1091 493 1178 plurale
511 1093 658 1158 retertur
678 1101 717 1156 ut
731 1092 831 1157 (latii.
852 1093 907 1156 56:
934 1093 1090 1168 ..interea
1111 1094 1250 1160 servitia
1265 1095 1489 1180 repudiabat,
1510 1093 1606 1173 cujus
1625 1097 1669 1157 ad
1685 1114 1765 1166 eum

273 1257 277 1261 .
355 1196 459 1262 initio
481 1219 613 1285 magnac
634 1199 742 1284 copiae
764 1199 1055 1275 concurrebant,”
1082 1200 1145 1262 ubi
1163 1200 1355 1284 vide,'quae
1371 1200 1626 1279 adnotavimus3
1648 1199 1764 1266 simile
1877 1262 1880 1269 .

260 1326 268 1342 ·
355 1306 414 1369 sed
436 1325 509 1369 non
535 1306 641 1389 plane
670 1306 762 1369 idem
790 1311 839 1369 est
859 1305 937 1389 lug.
958 1321 1034 1366 roa:
1061 1306 1192 1379 ..multa
1216 1313 1318 1390 atque
1337 1314 1532 1392 opportuna
1546 1307 1671 1387 hebes,
1693 1325 1763 1387 quo

355 1407 493 1473 facilius
516 1418 628 1474 errata
658 1407 781 1474 officiis
814 1418 989 1493 superes3»
1016 1412 1060 1474 de
1093 1409 1242 1473 tribunis
1260 1413 1377 1498 plebei
1399 1412 1459 1476 cfr.
1494 1432 1571 1494 quae
1598 1430 1700 1495 supra
1721 1413 1765 1474 ad

249 1569 253 1580 ,
355 1513 444 1580 Hist.
476 1537 502 1576 ι.
526 1517 555 1577 8.
574 1522 608 1578 et
624 1514 725 1577 Catil.
748 1518 800 1577 31.
825 1513 1141 1579 animadvertimus.
1173 1512 1377 1598 patricium
1399 1513 1658 1606 magistratum
1682 1535 1766 1580 con-

355 1617 505 1686 sulatum
521 1619 698 1704 intelligit,
712 1618 774 1700 qui
788 1621 1028 1705 rogationibus
1042 1619 1186 1684 Liciniis
1195 1628 1313 1712 partus
1327 1627 1386 1686 est.
1407 1620 1467 1684 cfr.
1483 1622 1557 1687 Lis.
1570 1624 1628 1688 VI.
1650 1616 1769 1686 libere

354 1719 537 1811 suffragia
560 1721 620 1787 cfr.
642 1725 716 1789 Liv.
738 1748 766 1788 2.
793 1727 848 1804 ¹⁶3
871 1728 900 1787 8.
923 1744 974 1805 1²3
1002 1725 1147 1811 Dionys.
1171 1727 1283 1792 Halic.
1304 1748 1341 1810 9,
1359 1741 1408 1801 ιι.
1437 1727 1555 1790 omnia
1580 1725 1669 1809 iere,
1691 1745 1767 1808 quae

354 1826 501 1910 scriptor
521 1829 646 1894 leviter
660 1829 789 1915 tangit,
809 1831 902 1915 leges
922 1850 943 1892 a
960 1831 1115 1892 Publilio
1135 1831 1301 1895 dictatore
1319 1833 1357 1892 A.
1379 1835 1439 1906 416
1459 1835 1501 1894 U.
1521 1834 1559 1897 C.
1581 1831 1659 1894 latae
1673 1849 1767 1894 com·

352 1932 600 2014 plectebantur.
621 1934 695 1997 Liv.
717 1936 746 1995 8.
770 1953 818 1996 12.
840 1941 930 2008 ..tres
948 1935 1041 2019 leges
1055 1935 1320 2014 secundissimas
1329 1935 1464 2017 plebei,
1485 1937 1645 1998 adversus
1664 1934 1767 1998 nobi-

354 2033 489 2098 litatem
512 2037 611 2098 tulit:
633 2056 756 2120 unam,
783 2045 822 2100 ut
840 2038 1023 2120 plebiscita
1040 2058 1160 2102 omnes
1176 2039 1329 2122 Quirites
1353 2045 1523 2103 tenerent:
1545 2039 1706 2120 alteram,
1728 2046 1767 2100 ut

354 2135 490 2220 legum,
511 2159 587 2216 quae
613 2142 764 2222 pomitiis
782 2139 981 2208 centuriatis
998 2141 1187 2214 ferrentur,
1210 2146 1289 2200 ante
1312 2137 1439 2199 initum
1463 2133 1665 2222 suffragium
1690 2147 1767 2222 pat-

355 2259 410 2305 res
432 2248 586 2306 auctores
607 2241 747 2304 fierent:
774 2241 928 2325 tertiam,
947 2249 986 2303 ut
1006 2242 1094 2305 alter
1111 2240 1232 2324 utique
1254 2240 1410 2324 explebe
1429 2250 1766 2309 consummaretur.»

357 2343 417 2408 cfr.
433 2343 505 2409 Liv.
524 2349 554 2408 3.
569 2347 618 2407 55.
638 2343 769 2410 Jovem
780 2379 821 2394 -
831 2335 1075 2426 exspectatis?
1097 2347 1242 2430 Cottius,
1255 2346 1317 2427 qui
1331 2354 1410 2412 ante
1423 2350 1496 2412 haec
1510 2347 1615 2410 verba
1626 2350 1767 2431 plenam

355 2445 672 2533 interpunctionem
690 2439 904 2527 ponendam,
924 2452 959 2504 et
978 2445 1056 2526 post
1075 2464 1115 2507 ea
1134 2447 1418 2531 interrogationis
1429 2452 1566 2536 signum
1580 2453 1767 2517 delendum

356 2545 504 2634 censuit,
524 2572 545 2613 a
563 2571 624 2613 sua
638 2547 748 2633 ipsius
760 2547 1045 2631 interpretatione
1061 2549 1210 2614 recessit.
1226 2554 1299 2615 Res
1313 2568 1420 2634 perse
1435 2555 1626 2619 manifesta.
1645 2558 1768 2621 Jovem

354 2658 417 2723 vel·
433 2661 538 2722 deum
558 2656 791 2721 consultorem
816 2649 1008 2736 exspectare
1032 2653 1213 2736 dicuntur,
1240 2655 1303 2738 qui
1322 2657 1450 2742 agendi
1472 2659 1571 2742 copia
1596 2661 1768 2744 neglecta,

355 2762 464 2825 nullis
483 2760 716 2826 incitamentis
746 2761 790 2820 ad
814 2777 888 2821 rem
907 2747 1070 2839 ¹aliquam
1098 2758 1351 2841 suscipiendam
1373 2761 1509 2846 impelli
1528 2773 1682 2846 possunt.
1704 2765 1768 2827 ad-

347 2863 477 2956 jutum
499 2861 712 2948 properatis
734 2863 799 2926 ita:
828 2862 941 2926 ultum
963 2862 1032 2944 ire,
1053 2871 1190 2948 raptum
1209 2862 1389 2945 festinare,
1417 2866 1593 2948 perditum
1614 2868 1766 2946 trahere,

355 2969 434 3036 vide
448 2973 493 3034 ad
507 2970 606 3032 Catil.
625 2972 683 3047 365
710 2970 788 3052 lug.
806 2970 855 3030 68.
879 2973 913 3031 et
937 2967 1065 3032 Gernh.
1085 2969 1216 3033 Comm.
1239 2965 1353 3030 Gr.“P.
1380 2969 1420 3038 V.
1446 2991 1478 3053 p.
1506 2993 1534 3051 7.
1571 2973 1691 3034 ultum
1710 2968 1767 3035 in.

347 3073 477 3164 jurias
493 3076 635 3174 hortor.
657 3073 680 3134 i.
698 3093 727 3136 e.
746 3075 790 3134 ad
806 3071 951 3150 injurias
977 3064 1199 3137 ulciscendas.
1223 3079 1392 3136 structura
1416 3073 1569 3139 insolita.
1594 3076 1662 3139 Sed
1688 3095 1767 3138 curn

356 3178 619 3262 hortaripacem
631 3185 693 3241 etc.
710 3184 800 3242 recte
817 3177 951 3239 dicatur
966 3177 1025 3246 cfr.
1037 3178 1168 3245 Charis.
1178 3181 1269 3244 IV.s.
1282 3178 1342 3241 fin.
1364 3199 1443 3241 cum
1457 3180 1561 3242 etiam
1574 3179 1767 3246 infinitivus

358 3292 521 3366 sequatur
542 3275 741 3345 efn'Horat.
763 3281 848 3363 Epp.
878 3302 905 3343 1.
926 3301 953 3340 1.
974 3282 1024 3358 69.
1045 3288 1079 3344 et
1098 3281 1255 3345 Schmidt
1275 3285 1323 3346 ad
1343 3285 1377 3346 h.
1396 3284 1420 3345 l.
1443 3305 1506 3367 pro
1529 3284 1705 3350 infinitivo
1726 3305 1768 3350 cx
1805 3365 1808 3373 .

358 3405 423 3452 usu
443 3389 573 3472 linguae
597 3384 803 3466 antiquioris
825 3385 880 3448 vel
899 3383 1062 3467 supinum
1081 3405 1212 3468 ponere
1240 3386 1352 3452 licuit.
1372 3397 1464 3453 recte
1484 3389 1579 3454 enim
1601 3409 1665 3473 pro
1684 3390 1767 3452 sub-

358 3493 505 3558 stantivo
517 3490 650 3556 verbali
666 3490 832 3573 habetur,
852 3509 965 3572 neque
984 3491 1065 3553 solis
1082 3499 1195 3555 motus
1207 3494 1321 3557 verbis
1330 3493 1500 3580 jungitur.
1521 3493 1582 3558 cir.
1599 3493 1764 3557 Ruddim.

358 3588 451 3683 1'1.p.
470 3600 540 3679 257.
559 3618 592 3659 n.
615 3597 664 3681 75.
679 3603 713 3659 et
732 3596 922 3660 Gernhard.
942 3595 1011 3660 l.‘l.
1026 3618 1062 3679 p.
1079 3599 1108 3658 6.
1130 3597 1205 3662 ηόιι
1227 3619 1334 3662 arma
1348 3599 1655 3666 -tantummodc
1669 3595 1768 3662 tre-‘-

354 3701 551 3786 praebeatis
570 3706 614 3767 de
633 3708 763 3765 mutata
776 3707 945 3765 structura
968 3698 1028 3764 cfr.
1050 3701 1129 3786 lug.
1146 3719 1200 3778 14:
1219 3701 1427 3788 ..probibere
1450 3702 1632 3784 injuriam,
1652 3724 1766 3787 neque

360 3807 559 3891 cujusquam
581 3827 726 3892 regnum
745 3826 808 3890 per
832 3808 943 3871 scelus
969 3815 1165 3872 cresceret-‘³
1185 3803 1310 3874 censeo
1342 3805 1489 3890 aliquid
1508 3808 1633 3876 iterum
1659 3809 1766 3876 habes

360 3916 453 3997 apud
468 3893 605 3976 linium
630 3934 677 3979 ιο.
700 3929 754 3974 12:
782 3911 915 3975 bellum
940 3912 1152 3975 Samnitibus
1170 3921 1284 3996 patres
1309 3920 1511 3982 censuerant
1536 3915 1614 3980 Tac.
1642 3916 1764 3984 Annal.

360 4033 390 4094 4.
418 4033 474 4100 74:
501 4036 616 4101 aram,
634 4017 827 4082 clementiae
849 4054 891 4071 —
919 4035 1095 4094 censuere;
1117 4019 1206 4108 ᾼιιιι.
1232 4035 1261 4079 a.
1289 4019 1347 4080 83:
1378 4038 1457 4081 cum
1476 4027 1670 4083 censeretur
1690 4020 1790 4103 οἰγ-Ι

358 4142 443 4206 peus
463 4142 559 4186 auro.
576 4117 835 4210 frumentaria
855 4125 933 4209 lege
958 4129 1119 4207 ..apparet
1143 4123 1249 4183 latam
1280 4120 1386 4188 fuisse
1406 4123 1519 4207 legem
1539 4124 1688 4188 factione
1703 4143 1765 4207 pa-

341 4234 469 4310 nnum,
488 4237 528 4291 ut
550 4225 652 4309 quini
667 4224 779 4292 modii
799 4225 905 4288 tritici
927 4227 1073 4312 singulis
1094 4225 1269 4289 mensibus
1285 4223 1419 4286 viritim
1446 4227 1765 4292 distribuerentur.»

362 4331 517 4398 Ciaecon.
554 4352 659 4413 quam
691 4332 834 4412 quidem
859 4331 972 4415 legem
1003 4351 1044 4396 eo
1074 4329 1222 4414 exagitat
1242 4327 1414 4412 Licinius,
1441 4333 1537 4411 quod
1562 4341 1675 4417 patres
1692 4337 1763 4394 tam

551 4427 562 4448 '
1345 4438 1348 4447 ’
1413 4443 1456 4511 13
