4334 5354
1630 452 1700 556 557
1755 523 1760 535 „

287 651 398 718 mtimo
413 681 433 701 -
452 647 569 712 bellum
588 651 665 732 reip.
684 649 752 712 -id
770 649 899 714 olimitto
920 684 936 698 ·
954 653 1045 735 gerite
1061 651 1106 714 uti
1124 653 1212 716 vultis
1245 653 1305 734 pl.
1326 652 1463 712 animam
1480 652 1569 713 vertit
1586 652 1652 713 Cat.
1672 675 1702 734 7.

287 763 321 822 in
348 758 461 820 Kastris
485 776 538 839 per
569 755 701 818 laborem
734 779 790 820 auu
813 791 832 808 -
866 756 932 818 Cat.
963 780 988 823 a.
1020 780 1145 840 peccora
1171 788 1187 807 ·
1215 755 1310 820 beluis
1337 776 1497 818 commune
1524 767 1578 816 est.
1610 760 1703 820 virtus

288 866 385 930 animi
404 894 424 912 -
449 865 560 926 erudio
577 863 701 947 indiget.
743 885 772 926 a.
790 866 825 926 in
850 864 939 926 initio
963 867 1104 926 -omnia
1133 867 1238 928 virtuti
1262 899 1278 913 ·
1315 865 1472 946 transigere
1491 891 1510 909 -
1528 862 1600 921 artis
1616 861 1702 923 bonae

287 973 399 1032 lamam
418 971 495 1052 petit
510 1003 528 1018 ·
546 969 576 1032 3.
597 974 738 1053 pulcrum
757 971 839 1032 enim
855 983 899 1032 est
920 992 974 1032 -·a
992 971 1091 1032 studio
1113 971 1151 1032 ad
1169 991 1194 1034 r.
1212 992 1244 1051 p.
1262 1003 1280 1018 -
1304 970 1425 1051 reliquis
1450 968 1537 1028 malis
1559 968 1669 1029 morib.
1685 998 1702 1016 ·

287 1074 338 1138 sed
359 1096 378 1136 a
400 1095 461 1158 quo
482 1078 606 1158 incepto
628 1077 729 1140 studio
754 1108 772 1126 -
790 1075 970 1138 tumult
995 1078 1155 1140 -initium
1178 1077 1320 1138 narrandi
1345 1077 1518 1158 incipiam·
1534 1072 1664 1140 adulesc.
1682 1103 1701 1122 ·

287 1174 427 1243 virtutem
448 1182 495 1258 (in
511 1202 604 1266 marg.
621 1184 753 1263 juvent.)
766 1182 1056 1266 parumprudentiae
1071 1217 1090 1234 ·
1109 1184 1263 1266 capiundae
1277 1215 1295 1234 ι·
1308 1185 1393 1244 incit.
1411 1193 1492 1263 praet.
1514 1203 1581 1241 eum
1595 1211 1612 1224 -
1627 1181 1701 1242 abo·

286 1287 384 1368 rigine
405 1287 467 1366 (sed
482 1309 495 1349 s
517 1290 643 1368 erasum)
665 1291 771 1372 polens
788 1289 850 1354 vid.
865 1293 1034 1372 -pleraque
1054 1292 1226 1352 mortalium
1248 1293 1315 1350 loca
1329 1288 1478 1350 habentur
1490 1317 1506 1332 -
1520 1315 1537 1368 q
1552 1288 1701 1368 reeipien-

288 1390 361 1452 dis·
372 1393 458 1457 annis
475 1394 587 1456 infirm.
609 1413 692 1476 corp.
709 1414 770 1456 -se
789 1404 940 1456 convertet
950 1425 967 1441 ·
984 1415 1099 1478 semper
1109 1396 1156 1458 his
1169 1427 1186 1466 ¹-
1198 1397 1297 1480 gloria
1313 1397 1472 1457 incesserat
1482 1425 1496 1444 ·
1512 1397 1555 1456 sic
1571 1415 1602 1456 se
1618 1393 1701 1475 quis·

287 1517 348 1578 que
366 1498 410 1575 (se
427 1517 495 1581 sup.
509 1497 589 1581 lin.)
608 1532 626 1548 -
648 1499 787 1564 honestae
809 1500 925 1566 divitias
945 1529 962 1548 ··
982 1505 1104 1586 incepto
1124 1523 1180 1564 nos
1199 1499 1328 1563 traheret
1343 1501 1409 1580 (nos
1422 1522 1489 1584 sup.
1506 1502 1583 1582 lin.)
1775 1482 1777 1486 ’

289 1673 375 1742 Coal
397 1679 487 1762 5762.
509 1676 622 1749 Catil.
636 1680 726 1772 Jug.
739 1682 824 1748 Saea.
836 1682 923 1750 XV.
938 1678 1101 1766 picturis
1121 1674 1402 1770 elegantissimis
1423 1685 1590 1744 ornatus.
1619 1669 1702 1742 Cri-

327 1803 412 1864 spus
439 1782 626 1850 Salustius
655 1783 884 1852 catilinario.
900 1791 1083 1872 prologus
1111 1781 1243 1866 incepit
1252 1779 1433 1870 feliciter.
1458 1821 1500 1836 -
1531 1775 1702 1864 Explicit

325 1885 482 1955 Salustii
501 1886 618 1975 crispi
636 1889 727 1954 liber
749 1892 792 1952 de
811 1889 905 1950 bello
928 1883 1106 1950 cathilinc
1133 1896 1169 1949 et
1197 1887 1240 1948 de
1266 1886 1359 1950 bello
1378 1883 1573 1976 jugurtie.
1617 1886 1698 1950 Deo

752 1985 910 2080 gratias.
933 1986 1010 2072 Qui
1027 1991 1130 2074 cupis
1150 1997 1217 2052 etc.

365 2131 437 2213 lug.
461 2135 527 2194 113.
547 2128 735 2194 vehementes
745 2142 826 2193 sunt.
840 2165 858 2178 ·
870 2141 956 2191 motu
967 2133 1099 2213 corporis
1112 2134 1214 2206 voltu,
1236 2132 1335 2190 colore
1348 2129 1459 2211 pariter
1471 2162 1485 2176 ·
1504 2149 1569 2211 que
1578 2131 1693 2190 scilicet

293 2235 336 2294 ita
351 2237 460 2298 tacenti
470 2239 536 2317 ipso
550 2241 699 2297 occultata
708 2246 737 2298 et
752 2239 812 2298 oris
821 2238 1033 2297 immutatione
1042 2237 1211 2318 patefecisse
1220 2263 1236 2278 ·
1249 2236 1359 2295 accersi
1369 2263 1385 2278 -
1406 2249 1473 2309 rats.
1489 2237 1671 2296 contremuit
1682 2265 1698 2282 ·

284 2341 349 2401 illic
358 2349 388 2400 et
395 2340 465 2401 inde
477 2367 494 2385 ··
513 2343 631 2402 virtutis
646 2360 705 2402 suec
715 2361 862 2403 -romam
876 2343 1038 2402 vinctum·
1057 2339 1099 2400 Ea
1113 2351 1136 2402 t.
1154 2371 1182 2426 -Ι
1192 2351 1289 2400 snut·
1314 2361 1381 2401 ιιι.
1397 2340 1434 2400 de
1449 2360 1522 2420 pace
1539 2338 1576 2399 dc
1591 2359 1670 2400 com.
1680 2370 1699 2388 -

285 2446 318 2504 in
341 2447 466 2527 gratiam
493 2477 508 2492 ·
541 2446 616 2507 dicit
643 2449 732 2508 etiam
753 2449 843 2508 illum
866 2444 1038 2516 faciendum
1062 2447 1136 2527 aliq.
1161 2477 1179 2492 -
1207 2465 1260 2506 sua
1278 2447 1412 2507 utilitate
1434 2448 1488 2507 rel.
1514 2476 1532 2493 ·
1556 2465 1647 2527 quam
1672 2447 1698 2506 si

283 2571 361 2611 rom.
377 2583 395 2600 -
410 2553 545 2614 amicitie
555 2583 574 2602 -
584 2551 806 2616 adventuram·
822 2570 929 2635 negare
945 2583 964 2600 -
979 2552 1083 2616 leviter
1097 2562 1175 2614 etex
1188 2583 1207 2600 ·
1224 2551 1329 2632 Itaque
1340 2585 1357 2599 -
1376 2571 1444 2611 112.
1459 2550 1618 2632 dixitque·
1629 2549 1698 2610 bel-

284 2659 348 2716 lum
371 2659 516 2739 componi
542 2690 561 2707 ·
590 2669 699 2722 cancta
726 2658 849 2720 edoctus
880 2667 906 2706 -“
921 2659 955 2719 in
987 2667 1131 2740 potestate
1161 2656 1232 2718 hab.
1258 2690 1275 2704 -
1300 2658 1491 2735 utiianssn
1537 2677 1603 2720 rso.
1621 2657 1697 2716 alius

283 2773 402 2843 egomet
419 2795 436 2810 -
456 2765 590 2845 precium
613 2767 811 2826 racemis·
832 2763 1025 2842 flagitiosam.
1054 2763 1195 2820 Ceterum
1216 2791 1231 2805 -
1245 2757 1360 2820 bellum
1381 2781 1412 2838 p.
1428 2779 1454 2818 r.
1475 2781 1697 2842 nonnunquam

282 2867 382 2945 peravi
400 2899 417 2914 -
436 2885 534 2947 neque
555 2868 666 2925 factam
685 2866 769 2925 volui
795 2894 813 2911 ·
838 2865 885 2922 nti
904 2864 994 2924 vultis
1017 2882 1044 2920 c.
1070 2882 1137 2927 roo.
1157 2862 1190 2918 in
1209 2858 1274 2918 hib.
1293 2861 1495 2939 proficiscitur
1512 2891 1532 2909 -
1554 2883 1610 2942 pro
1631 2867 1696 2926 rio-

283 2971 381 3031 toria-
396 2989 491 3030 secors
513 3004 529 3015 -
563 2970 657 3028 futuri
675 2970 774 3046 operis
804 2965 855 3045 93.
875 2976 928 3025 eut
955 2967 1107 3025 fortunam
1130 2964 1310 3044 experiretur
1326 2996 1344 3012 -
1367 2985 1437 3024 usus
1465 2967 1560 3027 luerat
1573 2999 1591 3014 -
1611 2969 1695 3050 quod

283 3073 439 3133 adversum
459 3070 648 3127 -cocleas-
674 3069 769 3127 anim.
792 3069 880 3130 vertit
895 3102 911 3113 -
931 3067 1040 3128 deinde
1060 3066 1135 3128 flexa
1156 3104 1170 3114 -
1196 3070 1282 3130 nixus
1299 3104 1314 3117 -
1343 3073 1426 3151 plan.
1445 3070 1586 3133 describit
1605 3107 1620 3119 -
1644 3095 1696 3136 eo-

283 3174 351 3232 dem
370 3171 499 3254 regredit
516 3204 531 3215 -
558 3171 744 3252 periculique
763 3167 842 3230 nihil
863 3151 1031 3233 esse'docet
1052 3205 1071 3220 -
1097 3175 1253 3254 paululum
1273 3186 1403 3237 arrectas
1423 3208 1442 3225 ·
1469 3198 1504 3238 eo
1531 3178 1653 3262 negotio
1676 3211 1695 3229 ·

284 3278 335 3358 ql.
356 3278 408 3358 qui
434 3296 450 3336 e
475 3274 701 3356 centurionibus
720 3288 863 3357 preerant
881 3309 896 3324 -
927 3280 1025 3362 gracia
1048 3278 1190 3362 ponderis
1218 3313 1234 3327 -
1260 3282 1340 3364 ligur
1365 3313 1384 3328 ·
1402 3283 1540 3344 vincebat
1555 3315 1576 3334 -
1593 3308 1647 3369 per
1662 3308 1694 3350 se

283 3384 390 3444 inerm.
407 3416 424 3428 ·
442 3381 522 3444 nisui
539 3413 557 3428 -
575 3379 679 3444 eadem
699 3379 860 3444 ascendens
878 3384 987 3447 deiude
1001 3414 1018 3436 -
1033 3387 1113 3470 ligur
1129 3417 1148 3435 -
1161 3405 1248 3448 muro
1266 3389 1393 3470 quisque
1409 3419 1427 3434 -
1448 3402 1581 3476 correpta
1600 3427 1616 3438 ·
1635 3413 1693 3474 que

283 3495 328 3554 ati
349 3523 367 3540 ·
389 3492 498 3553 milites
521 3489 641 3580 cogerit.
1216 3551 1221 3556 .

352 3597 402 3662 .C.
425 3614 473 3660 ao.
493 3619 529 3658 eo
546 3601 639 3682 magis
653 3599 771 3660 animus
781 3633 796 3646 ·
816 3598 1007 3661 dictionem·
1023 3601 1116 3682 peric.
1133 3619 1198 3682 rep.
1219 3632 1235 3646 -
1253 3620 1274 3661 o
1287 3602 1357 3662 fort.
1371 3633 1383 3648 ·
1399 3599 1478 3662 hanc
1494 3603 1588 3664 vitam
1602 3577 1691 3686 mise

283 3725 348 3766 ram
370 3736 388 3753 ·
407 3707 486 3788 viget
505 3705 623 3766 animas
641 3716 708 3767 etas
730 3709 807 3768 velet
827 3740 843 3756 -
863 3705 926 3788 ing.
938 3715 992 3793 cst
1011 3740 1027 3752 -
1050 3727 1109 3768 esse
1131 3708 1250 3766 nullum
1268 3739 1287 3754 -
1306 3706 1381 3770 divit
1395 3727 1472 3780 suas.
1490 3730 1517 3771 c.
1534 3708 1582 3772 68.
1601 3710 1690 3776 rerba

283 3812 353 3874 viris
373 3811 476 3898 virt·-
496 3811 642 3894 nobisque
661 3812 777 3874 cladem
799 3844 818 3861 ·
838 3812 1058 3894 nequiverimus
1077 3816 1172 3873 -sint
1193 3809 1351 3889 sitejuxta
1378 3847 1394 3860 ·
1417 3816 1580 3898 municipia
1601 3827 1690 3898 atque

284 3920 333 3978 col
351 3947 371 3966 -
387 3927 422 3979 ut
440 3919 500 3978 illis
522 3950 538 3962 -
560 3917 760 3999 adgredimini
784 3952 800 3965 -
824 3919 936 3999 eisqui
960 3939 1045 3979 mun.
1062 3953 1078 3966 ·
1102 3919 1151 3996 59.
1171 3917 1210 3978 ab
1232 3918 1347 3980 dextera
1364 3954 1380 3965 -
1402 3924 1494 3980 lectos
1516 3917 1650 3984 evocatos
1672 3953 1691 3969 -

282 4024 433 4106 opfimurn
445 4043 593 4106 quemque
606 4043 706 4084 arm·
720 4023 752 4084 in
776 4025 907 4086 dextram
923 4056 942 4073 ·
960 4033 990 4085 et
1007 4021 1164 4084 colonibus
1179 4057 1195 4070 ·
1215 4024 1306 4106 Sapua
1326 4020 1399 4087 Mar‘.
1416 4059 1434 4074 -
1456 4028 1539 4109 quod
1559 4029 1592 4088 in
1609 4048 1692 4110 proe·

283 4131 326 4190 lio
346 4129 447 4192 adesse
463 4162 482 4179 -
501 4132 552 4212 ati
563 4151 653 4197 mem.
672 4150 798 4192 -annos
818 4131 956 4194 tribunus
971 4165 989 4178 -
1007 4135 1041 4192 in
1061 4133 1219 4192 exercitum
1240 4133 1335 4194 fuerat
1354 4167 1370 4178 ·
1389 4135 1465 4194 tacta
1484 4154 1588 4194 eorum
1610 4137 1691 4194 -in-

285 4233 385 4297 cedere
392 4258 403 4308 3
423 4226 503 4297 idem
521 4255 724 4298 -arcessere-
742 4235 895 4300 intendere
909 4270 927 4286 -
942 4248 1052 4300 ceteros
1067 4235 1187 4320 adgred.
1198 4271 1215 4282 -
1228 4257 1298 4297 cum
1319 4258 1441 4324 corpore
1453 4239 1569 4326 tegebat
1583 4272 1599 4288 -
1612 4230 1688 4323 quos
1745 4243 1750 4248 '

285 4341 398 4404 medios
415 4373 433 4402 ψ
453 4347 519 4408 ritae
537 4349 731 4428 pepercerant
750 4344 990 4430 -repperiebant
1007 4381 1023 4392 ·
1041 4343 1135 4428 (liber
1149 4323 1336 4426 mediocris).
1382 4402 1385 4410 ,
