4334 5354
1760 313 1770 340 b

376 355 448 450 396

453 559 506 618 Illi
525 566 640 632 autem,
660 550 768 632 quibus
786 551 877 607 nullae
895 567 965 627 opes
988 559 1091 623 erant,
1112 549 1207 627 capud
1233 569 1337 631 suum,
1358 549 1438 629 quod
1453 553 1550 611 solum
1573 552 1773 631 possidebant,

375 662 570 726 censebantur
586 664 615 716 ct
634 655 665 712 bi
688 675 791 712 omnes
811 650 882 710 belli
902 663 1034 731 tempore
1059 655 1091 711 in
1112 654 1260 713 moenibus
1278 655 1453 717 residebant.
1493 657 1591 717 Facile
1611 660 1693 716 enim
1711 661 1774 719 exi-

370 777 446 828 stere
466 771 603 846 poterant
619 758 793 838 proditores,
816 758 886 836 quia
905 768 1012 837 egestas
1034 755 1115 817 haud
1135 759 1220 818 iacilc
1238 757 1363 818 babetur
1378 761 1440 819 sine
1461 759 1584 820 damno.
1607 760 1667 820 Hos
1681 763 1773 842 igitur

373 871 502 941 Marius„
521 866 631 946 ¹quibus
648 884 711 956 non
736 853 831 926 fuerat
852 845 1063 921 committenda
1079 863 1166 944 Resp.
1185 862 1268 922 duxit
1286 864 1325 922 ad
1341 864 1464 924 bellum.
1504 864 1561 923 Sed
1581 868 1654 924 sorte
1672 887 1771 926 secum

369 977 402 1034 L.
419 975 515 1031 sillam
544 976 691 1051 legatum„
710 989 807 1028 unum
832 967 870 1026 de
889 967 1042 1026 nobilibus
1065 970 1100 1026 in
1119 968 1303 1046 provinciam
1322 968 1416 1028 duxit.
1456 968 1551 1049 Atque
1570 969 1613 1028 ibi
1635 973 1770 1031 consecto

371 1079 496 1138 feliciter
517 1076 597 1133 bello
615 1085 643 1132 et
661 1072 807 1154 Jugnrtba
830 1084 917 1153 capto
939 1073 977 1130 ad
1003 1072 1107 1130 urbem
1128 1072 1240 1138 rediere
1260 1075 1395 1132 victores.
1434 1072 1530 1154 Atque
1547 1077 1646 1134 statim
1665 1078 1773 1136 virtuto

368 1185 506 1262 cognita,
536 1181 644 1238 Marios
672 1181 704 1235 in
724 1177 853 1236 Galliam
869 1180 992 1249 missus,
1016 1199 1082 1257 quae
1110 1187 1183 1236 tnnc
1206 1177 1361 1236 'Romanos
1384 1179 1459 1236 fines
1482 1177 1585 1238 hostili
1601 1184 1771 1242 incursione

373 1285 503 1348 vexabat.
540 1283 569 1343 3.
599 1282 709 1354 Eodem
744 1293 876 1362 tempore
904 1281 1088 1354 Mithridates
1118 1303 1185 1346 cum
1213 1286 1327 1364 magnis
1362 1285 1455 1361 copiis
1478 1286 1643 1344 nniversam
1673 1285 1772 1346 Asiam

368 1392 516 1470 urbesque
535 1390 682 1447 sociorum
704 1386 901 1466 expugnando
919 1397 1007 1466 atque
1029 1387 1172 1449 vastando
1192 1391 1285 1465 ooepit
1305 1385 1444 1468 affligere.
1485 1387 1531 1446 Ad
1552 1411 1640 1468 quem
1665 1389 1773 1450 coher-

369 1495 498 1554 cendum
523 1495 556 1553 L.
583 1495 662 1572 Splla
689 1501 734 1551 est
760 1512 828 1551 cum
851 1494 983 1554 *exercitu
1004 1491 1188 1572 destinatus,
1210 1499 1295 1570 cujus
1318 1495 1351 1550 in
1383 1491 1521 1552 Africano
1543 1493 1622 1552 bello
1646 1495 1771 1573 probata

370 1612 433 1661 erat
450 1600 581 1677 corporis
600 1608 687 1678 atque
704 1599 799 1655 animi
816 1596 1002 1676 magnitudo.
1042 1597 1109 1654 Hoc
1124 1595 1177 1655 ubi
1198 1598 1291 1656 Mario
1310 1608 1496 1677 compertum
1516 1609 1575 1672 est,
1596 1587 1771 1676 terminare,

371 1705 455 1785 quod
478 1703 596 1786 gerebat
621 1703 772 1781 proelium,
794 1702 959 1772 festinavit,
975 1711 1010 1772 ¹,et
1029 1699 1122 1775 bomo
1144 1703 1269 1778 infinitas
1290 1701 1417 1784 cupidus
1446 1706 1546 1784 gloriae
1553 1745 1564 1778 ,
1587 1723 1650 1766 uon
1677 1707 1774 1786 patie-

369 1808 639 1873 taurinensem
659 1806 893 1880 dignitatemque
909 1797 1077 1862 Romanam
1097 1803 1217 1869 atterius
1236 1805 1342 1878 virtute
1362 1807 1493 1888 delendi,
1522 1807 1662 1868 Contusis
1678 1811 1772 1890 igitur
1815 1878 1817 1881 ¹

370 1910 464 1970 Gallis
475 1918 641 1988 vastataque
654 1909 774 1976 natione
793 1907 913 1986 penitus
927 1903 1123 1980 Barbarorum
1137 1907 1267 1964 Romam
1285 1909 1393 1967 iterum
1408 1908 1502 1968 victor
1513 1916 1645 1974 intravit.
1665 1914 1771 1994 Itaque

369 2017 513 2085 instinctu
531 2020 598 2094 ,ejus
616 2013 771 2092 Sulpicius
791 2011 930 2080 tribunus
951 2012 1048 2092 plebis
1073 2014 1168 2093 legem
1188 2013 1275 2087 tulit,
1303 2023 1338 2070 ut
1357 2013 1521 2074 auferretur
1540 2017 1619 2092 syllae
1645 2019 1769 2098 provin-

369 2124 411 2180 tia
429 2141 465 2180 ae
491 2120 585 2180 Mario
614 2119 743 2178 daretur.
782 2117 848 2178 Hoc
871 2121 951 2198 syllae
978 2120 1030 2178 ubi
1054 2119 1229 2179 nunciatum
1252 2126 1322 2199 est-,k
1338 2117 1500 2176 Muranum
1524 2121 1656 2198 legatum
1681 2140 1768 2182 suum

368 2227 526 2306 provincie
542 2205 763 2303 Valerianisque
785 2223 913 2304 praefecit
935 2223 1099 2298 militibus,
1119 2243 1193 2303 quos
1211 2221 1321 2284 infidos
1338 2221 1423 2283 bellis
1442 2222 1624 2286 existimabat
1641 2244 1701 2292 esse
1722 2228 1769 2288 ,ci-

367 2329 496 2404 uilibus5
517 2340 547 2389 et
565 2349 634 2388 cum
653 2341 739 2409 parte
754 2329 911 2402 exercitus,
931 2330 1049 2407 injuriae
1067 2328 1170 2389 dolore
1188 2338 1377 2401 commotus,
1398 2326 1437 2386 ad
1455 2328 1688 2412 ,extinguendam
1703 2331 1769 2392 Ma-

366 2437 482 2496 rianam
502 2436 584 2506 venit
600 2437 771 2512 factionem.
785 2436 895 2508 ,Statim
923 2446 959 2496 ut
979 2434 1106 2496 Romam
1131 2436 1232 2548 venit,
1249 2434 1432 2495 resistentem
1458 2431 1515 2500 sibi
1536 2433 1706 2516 Suspicinm
1738 2448 1768 2502 et

366 2539 513 2608 seditiosis
531 2541 726 2616 concionibus
744 2542 781 2612 ll.
797 2541 827 2606 P.
843 2541 1078 2617 ¹disturbantem,
1099 2563 1168 2616 cum
1186 2542 1303 2623 multis,
1314 2560 1389 2622 quos
1407 2537 1465 2600 sibi
1481 2541 1576 2600 socios
1595 2540 1767 2616 adsciverat,

366 2647 542 2723 trucidavit,
561 2649 789 2729 atqueMarium
811 2649 909 2727 ipsum
934 2645 1169 2710 machinatorem
1193 2652 1282 2724 tantae
1302 2646 1488 2714 contumelia
1507 2646 1540 2704 in
1559 2645 1682 2706 exilium
1707 2647 1769 2706 im-

364 2756 438 2826 petu
457 2749 589 2804 dctrmtt
599 2771 770 2826 morum,
791 2765 881 2826 atquc
901 2755 965 2827 ille,
987 2757 1125 2835 quotiens
1143 2755 1255 2828 vietor,
1275 2771 1329 2834 per
1348 2751 1504 2820 Gallorum
1525 2763 1615 2830 atque
1635 2754 1765 2813 atrorum

364 2868 451 2924 rura,
472 2869 537 2930 quae
556 2839 619 2928 ipse
637 2857 814 2919 vastaverat,
835 2847 995 2926 naufragus
1012 2855 1223 2935 atqueegenus
1244 2860 1361 2908 erravit.
1382 2857 1435 2924 (a)
1454 2857 1535 2912 Dum
1555 2855 1617 2916 baec
1638 2868 1767 2931 aguntur

364 2953 462 3023 Cinna
484 2964 514 3012 et
532 2955 662 3016 octavius
678 2952 763 3030 (anus
785 2949 873 3026 cod.)
897 2950 964 3010 facti
978 2959 1048 3010 sunt
1060 2947 1225 3022 ¹Consulem
1247 2967 1375 3028 quorum
1393 2947 1492 3008 Cinna
1505 2949 1541 3010 de
1556 2941 1687 3030 partibus
1702 2955 1767 3022 Ma.

364 3060 455 3121 rianio
475 3059 542 3118 suit.
564 3059 620 3118 llic
635 3061 729 3137 legem
745 3055 814 3130 tulit
832 3065 866 3116 ut
885 3055 958 3118 novi
978 3055 1073 3124 cives,
1095 3054 1148 3134 qui
1164 3055 1262 3134 aliqua
1278 3055 1393 3113 ratione
1407 3051 1573 3117 Romanam
1593 3071 1766 3140 acceperant

364 3165 532 3240 civitatem,
551 3181 620 3218 cum
646 3158 803 3233 veteribus,
831 3161 914 3219 nulla
937 3158 1114 3218 discretione
1132 3156 1306 3239 suffragium
1329 3159 1467 3220 facerent.
1488 3159 1553 3219 Hoc
1571 3161 1710 3224 videlicet
1732 3166 1765 3224 in

364 3284 467 3328 eorum
487 3268 614 3346 gratiam
635 3262 779 3342 sapiebat,
798 3263 851 3344 qui
869 3261 997 3344 Marium
1018 3259 1168 3342 suffragiis
1188 3264 1248 3325 suis
1266 3241 1429 3342 extulerant
1446 3274 1480 3334 et
1497 3267 1689 3351 amplissimis
1705 3265 1766 3328 bo·

363 3369 485 3446 notibus
502 3369 685 3447 decorarent.
804 3357 807 3363 Δ

440 3473 578 3556 ¹Stedbaec
601 3478 649 3552 lex
670 3473 814 3552 injuriosa
825 3483 886 3552 erat
905 3474 938 3532 in
960 3482 1069 3552 veteres
1090 3476 1186 3553 cives,
1209 3473 1261 3556 qni
1285 3475 1425 3544 meritum
1448 3474 1601 3555 dignitatis
1619 3475 1764 3542 videbun·

362 3595 410 3652 tur
429 3582 586 3660 amittere,
611 3581 637 3641 si
663 3599 731 3658 epm
757 3579 842 3648 novis
864 3575 995 3660 indignis
1018 3578 1051 3657 in
1080 3575 1200 3642 ferendo
1218 3575 1360 3658 suffragio
1379 3585 1584 3662 jungerentur.
1628 3581 1677 3644 Ob
1703 3580 1762 3644 boc

360 3690 461 3766 itaque
488 3685 627 3763 tharius
650 3687 764 3766 collega
785 3693 969 3764 commotus,
1002 3692 1035 3742 ut
1064 3681 1258 3765 seditionibus
1286 3663 1468 3764 privaretur,
1496 3667 1640 3771 collegam
1670 3707 1759 3750 ¹suum

359 3793 507 3872 Cinnam,
527 3787 728 3869 adnitentibus
746 3785 902 3870 γρηφὶῥμφ
924 3785 1067 3878 ¹civibus,
1079 3789 1112 3848 in
1124 3788 1243 3851 exilium
1258 3789 1338 3856 misit
1358 3801 1502 3864 armatus,
1525 3793 1658 3862 munitus
1678 3791 1765 3862 vides

360 3901 430 3970 licet
446 3899 543 3976 copiis
561 3897 654 3982 Syllae.
682 3890 772 3974 ,Qum
789 3911 859 3970 ¹etun
879 3893 1212 3982 agarenummaximps
1233 3913 1266 3951 ex
1285 3895 1417 3977 utrisque
1435 3895 1566 3988 partibus
1574 3897 1688 3969 ,civium
1705 3915 1761 3983 nu·

360 4021 458 4078 merus
476 4003 670 4082 iptepeaaptus
690 4004 763 4080 aab,¹
782 3993 931 4084 Rxpulsus
954 3997 1047 4084 igitur
1077 3997 1175 4084 Giuua
1196 4018 1264 4058 cum
1292 4010 1445 4082 vagaretur
1471 3999 1508 4070 ed
1527 3997 1684 4080 Africam„
1705 3999 1759 4068 ubi

360 4105 468 4171 Marius
488 4104 577 4183 inops
596 4113 676 4176 erat,
709 4102 784 4160 forte
807 4105 957 4182 pervenit:
983 4086 1140 4192 atquaibi
1158 4107 1381 4201 communicato
1408 4106 1554 4194 consilio,
1590 4105 1757 4168 sollicitatis
