4334 5354
1634 471 1702 566 327

189 675 193 710 ¹*
306 660 406 732 venit
424 653 635 748 reipublicae
642 669 675 728 J.
686 672 716 737 4.
737 649 878 724 insidiis
894 655 1014 724 locam
1029 662 1209 740 temptare
1220 659 1271 736 46.
1288 652 1469 742 instruere
1479 681 1615 746 pugna
1625 681 1705 729 suos

304 775 341 838 h.
363 789 392 834 c.
414 773 442 838 8.
472 763 565 834 milii
573 767 690 854 finem
717 761 803 830 vita
821 759 926 851 facit
946 771 1085 830 aatnra
1106 764 1137 830 J.
1161 783 1211 828 ιο.
1237 760 1392 828 miseriis
1412 759 1488 828 euti
1509 766 1706 832 remedium

306 881 460 944 mortem
487 880 696 957 exspectare
724 871 759 938 G.
780 884 830 946 ιο.
858 871 895 934 ei
911 870 996 934 duic
1024 868 1174 952 imperio
1185 865 1352 959 fortuna
1373 878 1583 936 mutaretur
1601 881 1634 938 J.
1657 889 1705 949 ιι.

305 978 465 1072 ingenuo
487 974 639 1062 corpori
641 977 760 1064 finem
782 971 863 1040 vitae
877 970 1005 1062 facere
1024 977 1060 1040 h.
1081 975 1149 1039 inc.
1173 997 1219 1056 17.
1250 971 1462 1043 contrarius
1475 972 1704 1059 piratic'inc.

307 1091 377 1170 157.
394 1086 594 1169 perdundae
609 1078 777 1166 pecunia
801 1081 937 1166 genitus
956 1084 991 1144 h.
1013 1083 1041 1146 5.
1063 1083 1114 1162 59.
1121 1077 1268 1168 fiducia
1290 1079 1421 1170 augeri
1439 1078 1577 1146 nostrie
1600 1078 1708 1166 coepit

305 1192 341 1254 h.
363 1189 430 1254 inc.
453 1191 523 1258 268.
555 1183 736 1267 exercitui
753 1186 1030 1272 supplementum
1052 1187 1201 1252 scribere
1220 1190 1252 1257 J.
1275 1190 1326 1266 59.
1351 1186 1430 1250 Υἱιιίι
1456 1187 1566 1252 hostis
1589 1209 1634 1251 ιο.
1658 1191 1709 1253 8ι.

204 1277 208 1284 “
305 1297 357 1358 85.
378 1298 429 1378 89.
450 1295 512 1377 qui
533 1301 607 1358 tum
628 1289 807 1358 Romanis
827 1301 899 1355 erat
919 1291 1108 1376 imperator
1127 1317 1156 1375 7.
1178 1290 1302 1358 liberis
1322 1292 1511 1358 avunculus
1531 1301 1604 1358 erat
1624 1296 1660 1362 h.
1680 1297 1709 1358 1.

309 1403 358 1466 5ι.
371 1400 473 1464 uxori
484 1398 589 1462 frater
603 1400 638 1461 h.
650 1401 690 1462 V.
704 1401 800 1461 decet
815 1396 1013 1466 victoribus.
1024 1401 1059 1461 h.
1069 1399 1097 1461 1.
1111 1401 1161 1466 5ι.
1174 1395 1330 1462 Grachie
1339 1419 1411 1461 non
1421 1398 1502 1462 s'atis
1512 1402 1710 1463 moderatus

309 1503 443 1569 animus
456 1501 533 1566 fuit.
554 1513 586 1568 J.
602 1517 652 1577 42.
665 1521 786 1582 poenoe
796 1508 865 1564 aut
868 1504 1007 1583 praedae
1020 1522 1090 1568 esse
1109 1506 1140 1567 J.
1155 1507 1204 1584 69.
1229 1501 1357 1587 quibus
1369 1523 1491 1587 corpus
1501 1505 1602 1567 annis
1610 1504 1711 1568 infir-

309 1629 421 1692 mum,
448 1606 629 1693 ingenium
655 1605 823 1691 sapientia
847 1607 1003 1670 validum
1030 1610 1066 1675 C.
1089 1612 1119 1672 6.
1151 1620 1271 1674 contra
1292 1606 1367 1672 'illis
1387 1611 1505 1672 omnia
1524 1629 1712 1674 consenue-

308 1722 390 1776 runt
403 1731 453 1782 ιο.
465 1713 525 1778 cfr.
537 1711 676 1776 Ruhnk.
688 1714 732 1774 cd
741 1715 877 1780 Tenent.
889 1715 995 1781 Andr.
1014 1732 1042 1776 ι.
1054 1717 1084 1776 6.
1100 1731 1149 1796 27.
1168 1723 1202 1778 et
1214 1713 1319 1778 Bentl.
1331 1715 1376 1774 ad
1388 1713 1423 1775 h.
1433 1714 1457 1775 l.
1472 1721 1505 1776 et
1518 1715 1546 1774 5.
1559 1715 1588 1775 5.
1605 1735 1650 1794 ¹7·

387 1822 430 1882 In
450 1819 641 1883 accusativo
663 1826 696 1881 et
715 1819 869 1905 ablativo
891 1819 1024 1880 casibus
1044 1819 1208 1899 Ennllage
1227 1815 1310 1896 illa,
1332 1835 1408 1894 quae
1430 1817 1578 1894 dicitur,
1602 1819 1713 1900 expli-

204 1957 217 1978 ·.
309 1923 427 1986 canda.
454 1925 608 2007 primum
630 1930 721 1986 certa
742 1921 814 1996 ejus
827 1919 983 2002 exempla
1002 1919 1173 2002 laudabo,
1193 1929 1287 2003 post,
1307 1921 1392 2000 quid
1414 1924 1457 1983 de
1480 1924 1545 1984 hac
1566 1932 1713 1986 struem·

308 2047 346 2088 ra
362 2027 535 2108 judicem,
561 2024 680 2108 paucis
701 2043 880 2106 exponam.
899 2024 930 2086 J.
953 2044 1021 2086 ιιι.
1051 2021 1274 2111 ingratiam
1295 2024 1475 2086 habituros
1501 2041 1567 2085 ιιι.
1590 2026 1628 2086 in
1645 2048 1711 2108 po·

309 2137 478 2194 testatem
499 2129 678 2192 habere-
692 2127 742 2190 61.
764 2131 802 2190 ia
820 2126 1047 2212 provinciam
1072 2129 1234 2195 collocat
1255 2129 1285 2191 5.
1309 2124 1348 2190 ia
1369 2124 1536 2191 amicitia
1557 2142 1713 2214 receptus

311 2251 359 2310 ιιι.
383 2232 422 2296 in
443 2228 646 2297 amicitiam
666 2253 687 2296 a
706 2233 806 2296 vobis
828 2233 956 2315 recepti
977 2239 1040 2319 etc.
1060 2234 1103 2294 H.
1124 2235 1151 2294 I.
1174 2253 1202 2310 9.
1236 2230 1275 2294 ia
1294 2232 1423 2320 gratia
1444 2245 1711 2298 concesserant.

308 2339 406 2404 Alius
425 2346 504 2402 sunt
532 2337 668 2422 generis
696 2357 772 2418 quae
792 2336 898 2422 vulgo
918 2337 1115 2403 laudantur.
1136 2339 1171 2398 C.
1195 2357 1243 2399 11.
1271 2337 1310 2400 in
1331 2333 1463 2400 civibus
1483 2336 1639 2401 facinora
1660 2339 1713 2400 fa-

309 2465 397 2510 cere.
420 2448 469 2507 52.
499 2442 737 2506 misericordes
767 2439 805 2506 in
823 2439 979 2531 furibus
999 2441 1130 2517 aerarii3
1152 2443 1308 2523 quamvis
1329 2449 1362 2505 et
1381 2441 1525 2506 dicatur.
1548 2447 1597 2507 5ι.
1627 2445 1714 2525 quid

311 2549 349 2615 in
371 2547 456 2613 illos
470 2548 549 2627 jure
569 2547 647 2611 fieri
667 2556 779 2631 posset
799 2556 832 2611 et
853 2547 946 2611 infra
964 2547 1112 2610 iterumn
1134 2548 1220 2629 quid
1242 2545 1280 2610 ia
1302 2549 1395 2611 tales
1414 2549 1574 2614 homines
1594 2553 1715 2614 crude-

310 2657 344 2720 le
365 2657 444 2720 fieri
471 2661 612 2738 potest)
637 2654 792 2718 alienum
811 2655 842 2716 J.
866 2655 915 2717 58.
945 2653 1049 2736 pauci
1076 2653 1115 2715 in
1132 2650 1303 2736 pluribus
1323 2654 1438 2716 minus
1459 2653 1622 2718 frustrati.
1651 2655 1713 2722 cfr.

311 2761 381 2823 Cic.
402 2763 499 2823 Tusc.
521 2759 616 2843 Disp.
637 2762 664 2821 I.
685 2759 737 2822 55.
768 2759 806 2820 in
827 2768 975 2839 utroque
994 2757 1135 2819 fortuna
1161 2755 1284 2819 hebuit
1304 2765 1506 2838 potestatem
1527 2797 1568 2812 -
1600 2756 1715 2824 domi·

231 2931 233 2936 ,
311 2863 463 2930 natione
482 2865 521 2926 in
540 2863 640 2928 vobis
659 2863 728 2926 s'al.
748 2863 828 2926 hist.
851 2865 880 2925 5.
903 2879 954 2928 nn.
977 2861 1038 2921 fin.
1059 2861 1094 2920 G.
1117 2880 1148 2936 9.
1172 2859 1211 2920 in
1233 2856 1361 2920 amicis
1381 2859 1500 2922 fideles
1515 2895 1556 2912 ·-
1577 2860 1716 2926 amicos

311 2971 433 3033 melior
454 2977 503 3032 est
523 2968 645 3040 lectio,
667 2977 700 3029 et
722 2968 828 3031 Codd.
858 2963 1071 3046 optimorum
1091 2960 1309 3044 auctoritate,
1341 2970 1373 3023 et
1392 2962 1552 3044 varietate
1574 2966 1715 3029 dicendi

312 3074 393 3136 satis
419 3071 564 3132 firmata.
595 3071 701 3130 051.
729 3069 768 3129 in
794 3064 1015 3131 sententiam
1042 3067 1169 3127 addere
1196 3084 1240 3126 an
1261 3065 1300 3128 in
1320 3065 1502 3132 sententia
1528 3070 1714 3155 legendum

311 3177 372 3250 sit,
393 3194 465 3236 non
485 3174 605 3252 liquet.
625 3171 691 3258 ded
712 3179 788 3232 utra
809 3172 948 3232 iandem
966 3167 1072 3232 'lectio
1093 3168 1306 3252 praeferenda
1325 3171 1479 3256 videtur,
1500 3177 1599 3240 nulla
1620 3178 1716 3240 enal-

234 3301 235 3306 ’
312 3281 390 3363 lage
410 3279 607 3352 statuenda3
634 3293 714 3338 nam
734 3273 772 3336 in
790 3271 1009 3337 sententiam
1036 3276 1162 3338 addere
1184 3284 1233 3338 est
1264 3278 1308 3338 ad
1334 3295 1391 3358 ea,
1420 3300 1496 3359 quae
1517 3302 1712 3358 censueram

315 3384 353 3447 in
371 3383 540 3448 sententia
559 3381 583 3444 i.
605 3400 635 3473 e.
656 3381 696 3444 in
716 3379 884 3444 sententia
905 3378 1069 3458 dicenda;
1088 3378 1185 3460 prius
1205 3379 1289 3442 huic
1307 3381 1386 3444 loco
1406 3385 1516 3468 magis
1537 3372 1715 3470 convenit,

314 3489 427 3551 Silani
444 3487 537 3553 enim
551 3485 755 3550 sententiam
772 3487 882 3549 Caesar
896 3485 1051 3570 exagitat.
1073 3489 1193 3564 Neque
1203 3484 1305 3548 aliter
1319 3488 1349 3547 J.
1364 3503 1411 3562 ιιι.
1427 3485 1465 3550 ia
1479 3488 1646 3570 affinium
1662 3492 1716 3553 lo-

317 3615 396 3657 cum
405 3596 536 3658 ducere
556 3593 807 3677 explicandum,
828 3613 907 3655 cnm
927 3591 1021 3654 enim
1041 3588 1268 3672 «despicatui
1278 3587 1447 3654 ducitur»
1466 3604 1556 3657 recte
1575 3595 1716 3679 dicatur,

316 3719 362 3764 ne
403 3699 442 3762 in
475 3699 667 3762 accusativo
706 3699 847 3780 quidem
885 3707 957 3762 erat
991 3692 1253 3774 offendendum
1287 3697 1418 3761 accedit
1451 3700 1546 3780 quod
1577 3697 1651 3763 tice
1685 3712 1717 3764 et

318 3806 358 3869 in
376 3804 488 3868 vicem
512 3803 668 3884 alicujus,
685 3807 778 3867 hunc
798 3803 966 3885 loquendi
987 3823 1087 3866 usum
1108 3801 1189 3865 satis
1210 3801 1370 3866 illustrat.
1391 3806 1429 3866 C.
1443 3825 1491 3884 ι9.
1509 3806 1551 3867 in
1565 3803 1716 3887 provin.

316 3908 415 3974 ciam
435 3943 477 3964 -
494 3909 674 3993 provincia
702 3930 742 3974 ex
768 3911 954 3974 meliorum
975 3910 1084 3972 Codd.
1115 3907 1314 3972 testimonio
1343 3908 1592 3976 restituendum
1614 3914 1715 3974 duco.

317 4015 441 4080 Itidem
461 4028 493 4082 J.
515 4035 565 4095 17·
585 4014 625 4078 ia
643 4024 753 4099 parte
773 4009 886 4078 tertia
905 4012 1056 4078 Africam
1075 4032 1230 4098 pondere,
1249 4035 1328 4077 cum
1347 4015 1487 4099 optimis
1505 4017 1608 4081 libris
1627 4019 1717 4101 leg0,

317 4122 478 4186 etiamn.
501 4124 551 4184 5ι.
578 4120 640 4182 ubi
663 4120 827 4182 nonnulli
845 4121 950 4183 libriz
972 4117 1035 4184 cui
1053 4115 1139 4185 item
1160 4121 1342 4184 exercitus
1362 4116 1401 4183 ia
1421 4143 1552 4186 manas
1577 4125 1717 4206 habent,

322 4222 361 4288 in
383 4247 494 4292 manu
515 4231 613 4290 unice
632 4245 762 4288 verum.
782 4227 921 4288 Restant
942 4227 1049 4311 igitur
1067 4245 1175 4309 pauca
1196 4225 1283 4302 loca,
1301 4245 1449 4306 quorum
1469 4229 1499 4292 J.
1521 4231 1550 4290 5.
1573 4243 1617 4301 14.
1638 4225 1718 4288 satis

321 4332 414 4396 clera
441 4354 512 4398 esse
537 4333 713 4410 videntum
739 4338 777 4392 ut
803 4331 896 4394 enini
923 4329 1096 4398 maenibus
1122 4324 1239 4412 recipi
1255 4332 1307 4396 ⁴28.
1335 4340 1369 4395 et
1395 4333 1540 4396 damam
1560 4326 1717 4411 recipem
1793 4363 1807 4372 -
