4230 5348
370 525 440 576 m

367 695 515 763 mortem
542 715 613 760 non
640 683 833 779 deprecari,
859 689 988 776 quippe
1010 712 1109 774 quam
1136 693 1192 757 vel
1218 677 1408 758 honestam
1437 675 1508 757 esse
1540 685 1675 781 doceat,
1698 694 1773 774 jam
1826 693 1830 704 '

368 805 460 884 quod
480 795 602 886 corpus
622 796 818 884 ingenuum
841 797 907 880 est,
928 798 965 860 id
985 798 1118 860 nullam
1135 799 1208 861 vim
1223 783 1400 864 sententiaa
1418 798 1530 884 addit,
1551 802 1625 877 sed,
1647 800 1677 862 si
1698 821 1775 864 cora

368 925 433 990 pus
446 906 518 981 jam
532 901 719 965 'infirmum
743 910 777 966 et
797 901 990 965 conlectum
1010 912 1102 986 erat,
1124 904 1233 1003 magis
1251 909 1439 990 expetenda
1461 926 1524 994 pro
1544 905 1656 989 patria
1673 923 1774 972 mors.

369 1007 438 1070 vita
457 1008 549 1071 enim
568 1017 758 1072 arumnosa
775 1016 940 1072 aeternum
959 1012 1062 1074 decus
1076 1008 1229 1073 mutavit.
1247 1010 1310 1074 cfr.
1320 1013 1399 1096 lug.
1410 1007 1631 1075 moriturum
1648 1005 1776 1093 potius

368 1131 540 1192 quam-
499 1107 721 1178 -incertoe
748 1134 793 1176 oc
819 1109 986 1201 forsitan
1013 1121 1102 1199 post
1129 1117 1248 1220 poulo
1284 1115 1410 1182 morb'o
1445 1113 1652 1179 interiturae
1696 1111 1776 1178 viter

362 1225 547 1299 parceret.
568 1218 687 1298 Itaque
713 1217 839 1281 vitium
864 1219 971 1302 latere
1003 1221 1196 1304 putaverim
1223 1221 1387 1302 lo'eusque
1412 1221 1606 1299 conjectura
1640 1219 1777 1283 videtur

164 1357 167 1362 ’
271 1371 273 1377 .
371 1342 441 1386 esse
465 1325 653 1385 sanandus.
666 1323 757 1386 Mihi
783 1326 856 1393 hec
882 1327 1134 1396 succurrebant.
1164 1327 1307 1408 Neque,
1335 1322 1470 1388 morbis
1497 1346 1596 1414 oegro
1624 1344 1778 1406 corpore

369 1437 443 1492 etc.¹
454 1449 529 1508 quae
548 1428 744 1506 conjectura
760 1450 800 1493 eo
820 1424 1017 1495 confirmari
1030 1432 1185 1515 videtur,
1207 1434 1302 1514 quod
1318 1425 1436 1492 Cicero
1454 1431 1610 1494 Bruttii.
1632 1429 1779 1491 laterum

371 1531 607 1596 infirmitatem
626 1542 658 1598 et
673 1535 800 1598 virium
817 1536 1095 1601 imbecillitatem
1114 1538 1153 1600 in
1172 1538 1270 1599 Cotta
1286 1543 1397 1613 notat3
1418 1554 1523 1618 penes
1545 1533 1778 1616 intelligentes

371 1636 416 1702 sit
429 1639 611 1716 judicium.
639 1639 728 1736 certe
760 1638 911 1722 corpori
923 1627 1042 1726 finem
1055 1637 1191 1732 fucere
1215 1635 1361 1703 barbare
1384 1640 1532 1722 dictum,
1554 1657 1666 1718 neque
1686 1639 1780 1719 quod

374 1740 455 1810 vite
474 1743 644 1821 adjectum
661 1752 735 1828 ¹est,
758 1765 798 1808 eo
823 1741 995 1810 struitura
1017 1747 1056 1809 fit
1071 1744 1293 1838 concinnior.
1314 1747 1455 1838 Adsum
1474 1751 1534 1826 ent
1560 1745 1625 1810 Cu.
1647 1745 1779 1828 Cotto,

372 1867 436 1930 pro
458 1847 525 1914 Cn.
557 1851 985 1923 emendandum‚C.*illud
1006 1852 1182 1935 scripturae
1200 1854 1365 1915 mendum
1383 1860 1443 1916 est.
1463 1871 1529 1926 ,en
1544 1849 1779 1934 postponitur,
1819 1854 1840 1877 '

356 1959 412 2014 *ut
427 1952 517 2034 alibi
541 1973 636 2030 ecee,
657 1975 762 2031 sane,
785 1957 988 2035 mehercule
1002 1949 1147 2038 aliaeque
1162 1957 1349 2040 particulae.
1366 1956 1565 2039 confirmavi
1580 1959 1623 2016 ad
1638 1955 1736 2017 Catil.
1753 1975 1781 2018 c.

373 2059 446 2118 LII.
467 2080 500 2118 n.
516 2061 571 2120 35.
585 2059 664 2120 Liv.
680 2061 709 2120 3.
733 2051 760 2120 c.
792 2083 844 2140 ¹73
865 2059 1000 2142 primus
1023 2081 1068 2125 en
1086 2080 1158 2146 ‚ego
1181 2065 1301 2126 consul
1321 2070 1488 2145 quantum
1509 2063 1664 2124 mortalis
1674 2064 1783 2140 deum

374 2180 532 2244 possum,
552 2168 585 2224 te
606 2181 645 2224 ac
665 2170 722 2223 tua
741 2159 886 2248 vestigia
903 2173 1061 2250 sequar.»
1081 2167 1116 2226 C.
1140 2186 1243 2234 voveo
1262 2169 1422 2248 dedoque
1441 2167 1500 2228 cfr.
1520 2157 1615 2228 Flor.
1632 2190 1657 2228 1.
1681 2181 1729 2242 ιι.
1750 2173 1784 2229 et

378 2286 426 2346 17.
448 2266 515 2327 Cic.
539 2287 604 2351 pro
632 2269 717 2330 Rab.
743 2271 833 2332 Post.
865 2293 892 2333 1.
923 2273 1012 2335 adde
1041 2269 1190 2334 Brisson.
1216 2265 1329 2333 Form.
1364 2292 1390 2332 1.
1417 2293 1450 2354 p.
1477 2273 1541 2333 108.
1561 2279 1594 2334 et
1620 2279 1709 2351 109»
1735 2269 1782 2333 id.

366 2365 573 2458 fortunae
563 2377 599 2434 et
620 2368 799 2434 moris-
830 2395 906 2454 quae
930 2373 1066 2439 antea'
1055 2398 1095 2439 111
1131 2374 1344 2438 editionibus
1369 2394 1528 2457 expressa
1558 2383 1630 2438 erat
1657 2375 1781 2448 lecti0‚

335 2503 337 2506 ·
378 2496 417 2540 ea
452 2478 583 2540 nullius
612 2477 696 2540 libri
722 2479 924 2541 auctoritate
952 2479 1174 2571 confirmata,
1201 2477 1268 2552 soli
1294 2477 1597 2560 grammaticorum
1619 2479 1784 2544 socordias

378 2582 533 2647 debetur.
556 2578 642 2644 belli
657 2582 708 2642 ob
726 2577 812 2643 aliis
835 2577 981 2643 octi—
1005 2583 1054 2644 ita
1076 2581 1199 2665 saepius
1224 2579 1291 2642 Sal.
1316 2602 1425 2668 ogere
1449 2584 1491 2644 de
1517 2584 1618 2645 rebus
1637 2584 1783 2646 bellicis.
1863 2644 1866 2652 ,

295 2701 296 2704 ’
380 2685 436 2760 cfr.
451 2689 528 2768 Jug.
545 2687 593 2755 53.
609 2695 642 2750 et
655 2691 705 2749 30
718 2687 785 2749 Sed
800 2707 875 2759 non
885 2690 1004 2750 eadem
1017 2695 1114 2764 sunt
1134 2686 1267 2749 bellum
1287 2704 1381 2748 emm
1396 2705 1467 2748 slve
1482 2706 1621 2770 resgerr
1639 2688 1784 2772 dicitur,

305 2777 309 2788 ⁸
380 2789 443 2852 ubi
470 2793 567 2853 nulla
588 2813 700 2872 neque
723 2769 830 2855 studii
854 2812 966 2872 neque
987 2790 1176 2872 uoluntatis
1201 2775 1478 2874 significatione,
1493 2790 1698 2874 simpliciter
1731 2813 1786 2857 res
1871 2806 1876 2810 ’

307 2910 322 2974 Ἰ·
381 2894 498 2976 aliqua
516 2913 668 2980 suscepta
682 2907 715 2961 et
728 2897 879 2981 perfecta
896 2895 1043 2974 dicitur3
1063 2903 1097 2965 et
1117 2916 1175 2957 res
1189 2902 1303 2981 gestae
1318 2894 1409 2956 nihil
1427 2894 1524 2956 aliud
1541 2904 1590 2958 est
1610 2917 1713 2976 quam
1733 2918 1787 2962 res

380 2998 488 3084 facta,
511 3003 580 3063 nisi
607 3006 701 3082 quod
727 3008 770 3065 ad
790 3003 923 3066 bellum
942 3000 1161 3085 potissimum
1179 2998 1343 3075 refertur,
1367 3020 1476 3086 ogere
1495 3007 1609 3062 autern
1627 3001 1789 3067 homines

383 3091 545 3187 consilio,
568 3107 638 3168 sive
663 3109 804 3191 negotio
832 3109 984 3171 intentos
1015 3106 1180 3183 ostendit3
1203 3119 1309 3186 quare
1335 3113 1426 3167 recte
1446 3103 1633 3188 Salustius,
1659 3108 1722 3169 ubi
1745 3110 1789 3172 de

295 3235 302 3256 s·
382 3202 536 3269 'militum
557 3212 787 3276 sermonibus:
809 3221 897 3276 octo
921 3213 1073 3276 edocent
1091 3217 1203 3308 atque
1226 3200 1405 3290 audiunt,
1431 3216 1509 3273 etc.
1525 3214 1574 3272 30.
1596 3220 1790 3300 resgestos
1839 3211 1843 3215 ⁴

358 3340 359 3344 ¹
385 3322 420 3376 et
445 3311 625 3394 quomodo
654 3324 748 3378 octoe
751 3295 900 3405 soreut
927 3317 1080 3379 rnilitum
1107 3315 1201 3380 enim
1221 3323 1296 3376 acta
1321 3322 1417 3412 sunt,
1448 3319 1516 3379 dux
1534 3316 1667 3380 bellum
1691 3318 1789 3402 gerit.
1808 3325 1812 3329 '

385 3423 483 3482 Cotta
503 3421 537 3480 h
556 3421 580 3481 l.
585 3421 728 3484 bellum
748 3421 832 3484 dicit
855 3431 985 3506 actum,
1006 3424 1100 3505 quod
1119 3420 1206 3484 vitia
1223 3423 1349 3484 ducum
1370 3404 1556 3505 significat,
1578 3424 1640 3504 qui
1660 3424 1791 3507 impru-
1816 3447 1818 3451 ’

385 3526 507 3610 denter
528 3529 662 3610 agendo
684 3511 816 3590 bellurn
836 3529 926 3591 male
948 3537 1134 3613 gesserunt.
1151 3527 1260 3612 igitur
1281 3529 1411 3592 bellum
1431 3535 1465 3592 et
1474 3549 1553 3611 por
1573 3536 1612 3594 ut
1631 3528 1703 3591 vita
1717 3530 1791 3614 agi-

386 3619 460 3705 tur,·
482 3634 603 3695 eod'cm
621 3634 722 3695 modo
741 3627 924 3718 differunt,
945 3654 1046 3720 agere
1060 3644 1094 3698 et
1110 3652 1228 3718 gerere
1241 3655 1440 3718 personam,
1450 3653 1561 3726 ‘agere
1577 3641 1659 3698 etse
1674 3653 1792 3719 gerere

386 3739 525 3821 regem!
535 3738 602 3801 Sed
628 3737 773 3801 seriores
798 3721 981 3821 scriptores
1009 3742 1082 3803 haec
1109 3739 1326 3802 confundunt
1351 3738 1411 3800 cfr.
1442 3741 1581 3803 Sueton.
1604 3738 1723 3802 Claud.
1744 3739 1792 3802 25.
1826 3777 1829 3782 -

387 3844 649 3924 ApudTacitum
659 3845 694 3905 in
704 3845 925 3927 dictionibus,
934 3839 1103 3918 amicum,
1110 3840 1433 3928 principemagere,
1444 3825 1792 3928 simulationissigni·

388 3943 505 4006 ficatio
524 3946 635 4010 inesse
656 3950 801 4013 videtur.
821 3943 902 4015 Per¹
914 3970 975 4014 uos
996 3945 1114 4038 igitur
1135 3933 1359 4030 Quirites-
1381 3945 1499 4039 igitur
1513 3953 1607 4032 quod
1622 3958 1722 4012 antea
1737 3967 1792 4010 re-

299 4088 302 4093 .
387 4053 563 4127 ceperam,
582 4051 655 4128 jam
670 4055 857 4117 delendum
877 4073 948 4119 esse
967 4075 1099 4118 censeo.
1121 4057 1229 4117 deest
1252 4053 1404 4117 enimin
1421 4056 1582 4118 omnibus
1602 4054 1703 4115 libris
1721 4058 1755 4114 et
1772 4070 1793 4112 a

393 4150 548 4216 librariis
568 4154 738 4232 adjectum
758 4180 827 4223 esse
847 4161 1004 4244 videtur,
1025 4161 1087 4242 qui
1108 4158 1211 4224 etiam
1226 4181 1363 4244 precor
1380 4161 1601 4233 addiderant,
1622 4155 1720 4236 quasi
1738 4155 1794 4218 his

377 4256 526 4320 ‘omissis
545 4259 647 4323 nimis
672 4283 788 4347 aspera
807 4273 892 4331 esset
912 4267 1097 4328 verborum
1117 4273 1294 4328 structura.
1316 4265 1376 4330 cfr.
1394 4266 1472 4348 lug.
1494 4277 1542 4336 14.
1562 4267 1646 4324 extr.
1670 4263 1793 4326 etCat.

391 4364 443 4426 33.
464 4361 695 4448 nequiquam.
720 4372 794 4442 Vat.
818 4391 845 4436 1.
872 4369 1016 4453 Aspero
1037 4365 1220 4461 autsessa
1240 4369 1342 4437 bellis
1364 4369 1388 4434 i.
1410 4387 1438 4436 e.
1457 4365 1581 4432 infesta
1601 4367 1657 4435 rel
1680 4367 1822 4432 belloi
