4230 5348
137 689 145 732 t

1690 508 1756 602 137

357 687 527 770 Perperna
545 685 674 767 socios,
701 687 828 770 quibus
854 709 890 758 se
912 693 1054 760 comites
1072 694 1257 780 proscripti
1277 697 1492 761 addiderant.
1512 681 1679 762 exsilium
1695 718 1760 781 pro

350 793 429 857 loco
449 793 586 875 dictum,
604 814 674 876 quo
685 794 823 879 aliquis,
837 795 949 880 patria
962 799 1139 887 profugus,
1155 805 1271 866 sedem
1292 802 1508 885 fortunarum
1522 823 1660 865 suarum
1678 823 1763 866 con-

350 897 428 960 fert.
448 897 508 963 cfr.
525 897 620 984 Virg.
634 903 717 964 Aen.
740 905 770 963 3.
788 919 818 978 4.
835 905 953 966 -165.·
972 905 1096 972 Nubes
1103 902 1290 1000 foedaoerc
1300 910 1422 972 lumen
1439 908 1462 969 i.
1478 928 1506 970 e.
1519 908 1759 984 obscuravere3

352 1001 474 1083 foedari
494 1003 587 1067 enim
609 1005 728 1069 omnia
746 1005 927 1093 dicuntur,
947 1014 1238 1090 quorumnativa
1257 1013 1436 1098 integritas
1458 1011 1560 1095 perit.
1595 1011 1656 1074 cfr.
1681 1014 1760 1076 Tac.

351 1106 488 1194 ffi⁸¹·„4·
506 1111 554 1171 58.
585 1110 686 1204 idem'
700 1112 814 1177 Germ.
837 1116 887 1190 46.
918 1114 1096 1179 Claudiam
1115 1122 1158 1183 de
1179 1122 1278 1182 Cous.
1300 1121 1432 1182 Honor.
1457 1120 1515 1181 VI.
1539 1136 1586 1180 vs.
1614 1118 1684 1180 538.
1703 1117 1762 1178 adr

350 1213 488 1290 assiduo
503 1223 639 1279 noctem
658 1216 845 1283 foedaverat
859 1219 980 1286 imbre.
1002 1211 1072 1286 Cic.
1088 1226 1186 1288 Tusc.
1209 1243 1239 1286 n.
1257 1246 1305 1289 ιο.
1327 1225 1389 1307 qui
1409 1244 1463 1287 me
1481 1222 1629 1308 perenni
1645 1223 1761 1285 virum

349 1316 489 1383 foedavit
525 1321 674 1386 miseria.
710 1327 833 1391 eodem
863 1331 974 1391 ¹modo
989 1325 1196 1412 -corrumpr'
1228 1329 1356 1392 dicitur
1387 1337 1421 1392 et
1446 1349 1594 1412 graecum
1622 1314 1760 1408 'paene

254 1423 261 1436 “
349 1423 410 1486 cfr.
428 1427 508 1488 Tac.
527 1427 642 1490 Germ.
666 1433 716 1492 23.
743 1439 777 1493 et
797 1432 931 1496 Passov.
953 1436 998 1495 ad
1016 1435 1052 1496 h.
1072 1434 1096 1496 l.
1126 1436 1247 1515 -157.-
1266 1431 1446 1522 Geryonis
1460 1432 1593 1500 mentio
1609 1433 1647 1494 in
1669 1429 1761 1494 anti-

349 1527 539 1608 quitatibus
554 1533 720 1600 Sardinia
740 1535 957 1602 illustrandis
974 1537 1063 1602 faeta
1085 1537 1205 1603 fuerat.
1229 1537 1289 1601 cfr.
1306 1539 1489 1617 Justin.44.
1509 1555 1539 1617 4.
1560 1539 1648 1600 Plin.
1665 1555 1692 1613 4.
1710 1552 1761 1597 aa.

348 1633 440 1698 Serv.
455 1639 499 1697 ad
513 1639 595 1700 Aen.
611 1659 639 1720 7.
662 1641 733 1705 662.
754 1644 869 1728 438.-
890 1644 982 1725 Ques
999 1638 1260 1733 consufuerat
1280 1649 1343 1708 etc.
1354 1646 1398 1706 ad
1412 1643 1475 1706 lib.
1494 1666 1520 1705 1.
1545 1652 1577 1706 et
1593 1645 1637 1705 ad
1657 1642 1761 1703 Grac-

348 1738 474 1803 chanas
490 1742 632 1822 quidem
649 1744 835 1811 seditiones
858 1749 926 1812 hoo
944 1749 1118 1832 pertinere
1136 1749 1281 1828 judicat.
1303 1749 1407 1816 Debr.
1443 1750 1560 1826 -159.-
1586 1740 1762 1813 Radicem

347 1841 483 1907 montis
497 1845 659 1912 excessit.
679 1851 723 1914 de
732 1871 840 1914 aecus.
855 1850 916 1914 cfr.
925 1871 1027 1936 supra
1043 1851 1203 1941 degredi,
1226 1852 1364 1941 egredi,
1385 1854 1549 1926 evadere,
1577 1852 1696 1914 eadem
1705 1867 1761 1910 ra-

347 1948 1760 2039 tioneconstrrtotumetmultaap.Liviumlocav.c.urbemexcedereLiv.a.37.23.
1782 1945 1787 1955 “

348 2072 376 2112 1.
400 2062 450 2128 2'4.
472 2059 507 2114 3.·
524 2058 587 2117 etsi
604 2057 762 2136 fuerunt,
783 2059 862 2142 qui,
883 2079 961 2122 cum
978 2062 1085 2123 Codd.
1105 2046 1298 2139 variarent,
1320 2057 1438 2120 multis
1461 2053 1548 2117 loeis
1565 2055 1757 2116 ablativum

308 2235 311 2242 Ι
345 2165 564 2238 reponerent.
584 2159 647 2242 qni
659 2161 785 2232 frustra
804 2170 894 2223 sunt.
916 2163 960 2222 iis
975 2161 1070 2224 euim
1083 2161 1170 2223 locis
1185 2161 1249 2222 ubi
1267 2160 1437 2222 excedere
1453 2159 1547 2222 idem
1573 2166 1640 2240 est,
1661 2159 1757 2236 quod

345 2261 510 2344 progredi
522 2261 613 2323 ultra
622 2270 749 2325 certum
767 2250 938 2346 quendam
955 2263 1150 2348 terminum,
1165 2261 1374 2338 accusativus
1385 2262 1550 2326 solemnis
1565 2268 1625 2326 est.
1637 2263 1757 2322 ·160.-
1801 2276 1805 2284 ·

353 2364 406 2428 Ut
428 2385 487 2426 res
504 2364 677 2452 magis-
696 2376 916 2454 gererentur
930 2375 982 2432 etc
1012 2369 1037 2431 i.
1055 2389 1084 2434 e.
1102 2387 1249 2434 nerana
1267 2367 1373 2431 verba
1395 2366 1520 2430 forent.
1541 2386 1669 2430 novum
1688 2368 1755 2427 hoc

344 2468 528 2554 zeugmatis
546 2488 669 2554 genus3
690 2472 750 2534 sed
773 2489 815 2534 eo
835 2471 950 2534 minus
966 2474 1107 2555 durum,
1128 2474 1224 2553 quod
1246 2471 1351 2534 verba
1370 2471 1518 2554 tabere,
1530 2468 1666 2560 faeere
1680 2487 1758 2554 pas·

345 2573 411 2638 sim
433 2574 575 2658 dicitur,
604 2584 638 2638 et
661 2597 789 2662 gerere
814 2582 847 2639 et
859 2570 996 2662 facere
1015 2576 1139 2659 sapius
1162 2569 1433 2639 confunduntur.
1455 2572 1495 2637 in
1516 2572 1632 2639 muris
1656 2577 1758 2640 loea-

347 2686 482 2742 verant.
503 2678 567 2742 alii
585 2679 724 2764 legunt:
746 2678 784 2743 in
805 2700 939 2744 muros.
960 2679 1058 2743 falso.
1079 2680 1234 2760 quamvis
1249 2679 1343 2743 euim
1359 2700 1499 2763 ponere
1514 2675 1553 2742 in
1572 2680 1758 2761 aliquoties

324 2802 551 2876 ,cum-accus.
569 2784 751 2870 jungatur,
771 2790 893 2851 eadem
913 2797 1028 2853 tamen
1050 2786 1148 2851 verbi
1167 2789 1293 2849 locare
1318 2793 1487 2850 structura
1514 2785 1680 2867 exemptis
1696 2783 1758 2846 fir-

345 2887 434 2952 mari
455 2908 527 2951 non
549 2897 669 2973 potest.
698 2900 775 2974 quae
797 2893 932 2979 etiarnsi
960 2891 1217 2966 invenirentur,
1253 2909 1274 2950 a
1297 2897 1414 2952 nostro
1436 2893 1551 2950 tamen
1570 2888 1648 2952 loco
1671 2897 1758 2952 esset

344 2993 459 3057 aliena
479 2994 553 3058 haec
572 2995 713 3057 dicendi
726 2995 834 3070 ratio,
855 2996 918 3057 ubi
936 3015 1008 3058 non
1026 2996 1214 3061 admovere
1227 2991 1344 3058 muris
1371 2993 1558 3057 dicendum
1584 3001 1673 3078 erat,
1693 2997 1754 3058 sed

344 3099 460 3181 potips
482 3096 744 3181 intelliguntur,
774 3097 836 3177 qui
862 3098 901 3158 in
930 3100 1038 3162 muris
1059 3101 1283 3164 consisterent
1309 3107 1342 3163 et
1364 3101 1480 3164 hostes
1504 3099 1755 3184 propulsarent.
1812 3165 1814 3171 ,

344 3205 449 3266 Recte
465 3201 559 3264 enim
581 3203 682 3262 Debr.
705 3196 889 3282 Cyzicenos
910 3201 1091 3284 intelligit,
1111 3205 1189 3288 qui,
1212 3223 1291 3265 cum
1309 3204 1531 3268 Mithridates
1546 3207 1699 3290 captivos
1711 3206 1756 3270 il-
1796 3184 1799 3189 Ι

344 3306 460 3370 lorum
480 3305 570 3369 cives
591 3304 630 3366 in
656 3302 826 3366 machinis
844 3312 877 3366 et
902 3303 1055 3365 turribus
1073 3305 1267 3388 alligandos
1288 3317 1450 3391 curasset,
1470 3318 1510 3371 ut
1525 3310 1635 3373 animi
1655 3311 1756 3393 oppi-

346 3413 513 3474 danorum
532 3428 673 3472 suorum
695 3407 931 3470 misericordia
944 3407 1199 3492 frangerentur,
1221 3411 1341 3493 patriae
1364 3412 1477 3476 amori
1497 3433 1639 3476 suorum
1661 3413 1749 3476 cari-

346 3524 450 3594 tatem
477 3516 757 3600 posthabuerunt.
791 3512 851 3576 cfr.
874 3515 961 3597 App.
987 3516 1028 3576 de
1051 3515 1084 3580 b.
1107 3514 1264 3580 Mithrid.
1289 3535 1315 3577 c.
1335 3520 1385 3595 73.
1420 3516 1538 3576 -rdn-
1557 3509 1750 3578 Imbecilla

339 3616 620 3711 estsortitudo,
643 3621 728 3683 dum
738 3619 883 3702 pendet.
906 3619 972 3682 ie.
988 3619 1135 3696 incerta,
1153 3619 1262 3682 animi
1281 3619 1492 3702 inconstans,
1515 3637 1676 3701 suspensa
1691 3627 1752 3683 est.
1851 3663 1854 3676 .

345 3726 454 3790 altera
474 3727 578 3790 lectio
600 3723 744 3789 ineerta
766 3732 994 3807 praeterquam
1016 3728 1112 3806 quod
1136 3743 1207 3788 non
1232 3726 1342 3787 codd:
1362 3721 1561 3813 testimonio
1581 3722 1753 3807 firmatur,

264 3853 267 3860 ·
346 3832 402 3897 vel
418 3835 459 3896 'eo
471 3831 668 3912 rejicienda,
689 3833 783 3912 quod
791 3828 866 3894 'haec
878 3828 1067 3913 tautologia
1083 3837 1141 3893 est.
1165 3849 1244 3891 narn
1255 3847 1473 3912 suspensum,
1496 3829 1666 3892 incertum
1680 3847 1752 3894 esse

346 3946 380 4003 et
393 3939 545 4022 pendere
564 3935 690 4011 animi,
702 3934 848 4018 similia,
869 3954 913 3998 ne
928 3935 1058 4017 dicam,
1075 3937 1195 3998 eadem
1207 3941 1296 3998 sunt.
1316 3931 1375 3995 cfr.
1388 3933 1456 3996 Cic.
1471 3942 1590 4018 contra
1606 3933 1752 3998 Rullum

346 4063 374 4106 c.
392 4045 442 4113 25.
463 4042 525 4124 qui
540 4041 623 4106 huic
640 4039 831 4126 fragmento
847 4041 944 4104 locus
963 4039 1186 4125 assignandus
1207 4040 1272 4112 sit,
1304 4038 1484 4104 incertum.
1499 4039 1603 4102 Debr.
1619 4040 1693 4102 haec
1710 4059 1751 4104 ex

345 4147 498 4231 Spartaci
514 4146 839 4229 orationeexcerpta
855 4145 984 4209 statuit.
1003 4148 1122 4208 -rdn-
1142 4145 1285 4234 Scythas
1303 4145 1487 4214 Nomades
1506 4131 1647 4228 tenent,
1671 4142 1751 4224 qui-

347 4251 413 4314 bus
422 4254 598 4335 plaustra
617 4252 715 4316 aedes
733 4274 760 4315 s.
788 4250 947 4337 intellige
972 4252 1028 4315 vel
1047 4251 1249 4313 Sarmatiam
1271 4250 1329 4314 rel
1354 4249 1508 4312 Moesiam
1531 4249 1749 4326 inferiorem

346 4357 440 4421 haud
467 4357 573 4422 dubie
598 4359 671 4426 baec
697 4359 736 4421 in
756 4355 985 4440 descriptione
1015 4355 1120 4421 Ponti
1144 4355 1357 4440 legebantur.
1388 4349 1505 4416 -'163.-
1525 4355 1633 4419 Lusco
1656 4351 1749 4434 pede

1311 4464 1317 4470 ’
1404 4464 1467 4534 18·
