4282 5390
126 4425 137 4464 l

1703 457 1751 564 55

344 661 462 720 natum
488 609 698 738 significare·
713 647 870 731 videtur,
904 649 1114 714 Mamercum
1152 648 1339 714 Aemilium
1367 650 1537 734 Lepidum
1556 606 1756 744 Liuianum,
1795 689 1800 702 ι

171 771 175 776 “
273 783 276 786 ·
304 845 311 856 “
341 743 533 850 patruelem
549 778 665 840 suum,
679 775 779 837 quem
796 755 842 818 ob
862 753 1008 820 nimiam
1025 756 1273 841 parsimoniam
1290 763 1389 821 notat
1403 759 1472 822 Cic.
1484 757 1527 824 dc
1538 759 1751 844 Offic.112.17.

235 865 241 872 ’
340 888 423 933 uam
446 871 588 950 propter
610 862 762 928 avaritiae
784 861 1015 945 suspicionem
1038 864 1211 948 repulsam
1230 863 1270 925 in
1289 864 1470 928 consulatu
1491 870 1640 949 petendo
1666 869 1757 935 tule-

340 981 403 1040 rat.
433 964 686 1038 Lutatiorum.
714 969 884 1053 collegam
908 967 1092 1053 intelligit,
1111 971 1153 1054 Q.
1176 969 1353 1032 Lutatium
1368 967 1545 1048 Catulum,
1573 973 1757 1039 clarissimi

338 1075 446 1163 patris
456 1076 586 1160 filium,
611 1074 650 1138 in
666 1070 761 1153 cujus
774 1073 938 1156 laudibus
950 1072 1162 1138 celebrandis
1172 1074 1301 1138 multus
1315 1082 1366 1138 est
1377 1074 1497 1140 Cicero
1516 1075 1555 1138 in
1567 1077 1772 1164 Maniliana,
1867 1067 1872 1072 ⁵

340 1184 487 1265 aliisque
508 1182 605 1247 locis.
637 1181 698 1245 cir.
724 1179 860 1244 Ernesti
884 1181 976 1244 Clav.
1004 1179 1073 1244 Cic.
1091 1182 1268 1245 'Ceterum
1295 1189 1423 1263 quanta
1445 1182 1614 1246 beneficia
1635 1183 1755 1266 lunia,

339 1279 487 1355 Aemilia
505 1296 540 1354 et
557 1287 696 1352 Lutetia
716 1309 799 1373 gens
812 1286 852 1350 in
864 1288 1035 1372 populum
1053 1275 1250 1351 Romanum
1264 1288 1468 1373 contulerit,
1481 1308 1671 1352 memorare
1683 1309 1755 1352 non

312 1481 315 1486 ἱ
340 1409 426 1479 opus
455 1402 522 1470 θεὶς
553 1389 675 1482 geniti
691 1385 885 1478 cad-triplex
905 1394 1007 1474 hujus
1040 1393 1203 1459 vocabuli
1233 1413 1287 1477 ap.
1310 1395 1497 1458 Salustium
1528 1394 1756 1476 constructio,

339 1497 399 1562 cfr.
415 1498 539 1586 fragm.
559 1519 589 1578 9.
615 1495 763 1586 genitos
783 1519 858 1562 esse
885 1499 973 1583 qui,
1002 1505 1035 1565 et
1053 1499 1255 1581 perdundae
1273 1497 1443 1581 pecuniae
1469 1495 1618 1587 genitus
1638 1498 1755 1584 fragm.

337 1605 565 1668 HI.31.suoe
583 1600 715 1686 cuique
728 1604 830 1690 sedes
854 1603 915 1668 cfr.
934 1607 1009 1668 Tac.
1028 1605 1118 1668 Hist.
1140 1629 1166 1666 ι-.
1189 1606 1236 1666 15.
1258 1623 1328 1667 sua
1350 1604 1475 1686 cuique
1497 1604 1630 1684 utilitas
1636 1629 1646 1678 t
1666 1623 1759 1694 ερα-

244 1718 248 1729 “
338 1729 401 1784 tus
420 1704 489 1773 iste
511 1708 618 1776 Vatia.
644 1731 671 1771 ι.
694 1719 728 1774 'et
740 1712 832 1775 Serv.
855 1714 900 1773 ad
925 1711 1047 1796 Virgil.
1069 1712 1185 1797 Eclog.
1205 1712 1235 1774 3.
1261 1714 1308 1773 13.
1329 1729 1499 1793 peruerse
1524 1709 1700 1774 Menalca
1716 1739 1757 1759 -·

336 1820 416 1890 ,aut
425 1833 587 1880 converse
599 1818 643 1879 ad
657 1815 926 1900 turpitudinem,
939 1805 1247 1902 aut‘intelligamus
1257 1820 1440 1895 quemdam
1450 1815 1553 1880 titisse
1563 1815 1756 1878 Menalcam

337 1919 511 2004 nobilem,
528 1930 571 1984 ut
593 1922 698 1985 istum
715 1941 914 2005 perversum
935 1922 1127 1984 Menalcam
1152 1921 1278 1984 dixerit
1298 1922 1394 1985 illius
1415 1925 1685 2004 comparatione,
1706 1919 1756 1982 sic

336 2023 464 2090 Salusl.
477 2027 618 2090 Scoevus
633 2023 702 2090 isle
717 2028 920 2093 Romulus»
942 2030 1003 2090 sed
1018 2027 1082 2090 alii
1099 2029 1207 2090 Godd.
1225 2049 1337 2091 soevus
1354 2031 1493 2112 legunt,
1513 2047 1626 2089 soerus
1640 2029 1715 2091 Vat.
1728 2040 1758 2086 2.
1801 2091 1805 2100 ,

335 2129 414 2189 iarn
438 2131 567 2188 dicitur
587 2132 746 2207 quidem,
767 2131 842 2194 divi
859 2130 1010 2211 sinistri,
1032 2150 1135 2190 omen
1149 2131 1328 2190 sinistrum
1348 2132 1409 2186 cfr.
1426 2130 1527 2186 Ovid.
1550 2127 1692 2186 Heroid.
1711 2129 1759 2188 13.
1842 2118 1845 2123 ’

339 2247 399 2311 493
417 2232 496 2293 Tac.
514 2229 604 2291 Hist.
622 2233 649 2291 ⁵.
677 2234 711 2307 53
731 2233 806 2294 Val.
826 2231 936 2290 Flacc.
955 2234 985 2290 3.
1010 2233 1089 2306 3033
1110 2227 1344 2308 nihilominus
1363 2237 1477 2291 tamcn
1495 2247 1629 2291 scoevus
1649 2230 1758 2292 Rom.

338 2333 515 2421 evulgari
533 2354 597 2397 usu
619 2329 790 2411 loquendi
810 2331 916 2392 nimis
938 2333 1126 2424 abhorrere
1149 2331 1303 2415 videtur,
1326 2332 1374 2394 ita
1397 2340 1440 2396 ut
1459 2353 1572 2396 soevus
1588 2353 1759 2416 reponen-

338 2444 422 2506 dum
448 2457 614 2502 censeam.
635 2439 722 2511 Nam
738 2432 833 2511 quod
854 2430 983 2509 aliquis
1008 2431 1117 2512 dicat,
1140 2451 1219 2492 cum
1243 2451 1372 2493 nomen
1392 2439 1537 2499 Romuli
1566 2440 1605 2500 ia
1627 2441 1768 2502 bonam

336 2553 470 2631 partem
494 2541 625 2604 dictum
641 2539 704 2620 sit,
725 2537 879 2620 epitheto
899 2533 1032 2622 adj'eoto
1058 2534 1172 2630 laudis
1195 2534 1372 2597 notionem
1394 2555 1467 2600 esse
1486 2540 1696 2618 tollendam,
1720 2545 1759 2607 id

336 2650 467 2733 pariter
485 2647 568 2731 fiet,
584 2644 656 2709 sive
671 2663 784 2707 saevus
794 2686 805 2719 ,
827 2641 898 2704 sive
917 2659 1052 2702 scoerus
1073 2638 1209 2724 legeris.
1229 2641 1399 2703 Romulus
1417 2642 1511 2704 enim
1527 2642 1624 2705 Sulla
1640 2647 1760 2728 appel·

339 2754 429 2817 latus
452 2760 519 2836 est,
548 2748 604 2815 rel
623 2749 740 2833 potius
756 2748 901 2832 apellari
923 2745 1057 2829 voluit,
1092 2745 1191 2827 quasi
1212 2747 1300 2810 alter
1319 2747 1416 2810 urbis
1443 2749 1621 2835 conditor,
1652 2772 1757 2834 quam

328 2849 489 2944 'gloriam
517 2864 659 2939 propter
687 2856 781 2939 leges
809 2855 986 2918 Cornelias
1011 2852 1220 2932 adfectabat,
1248 2853 1320 2931 jam
1350 2852 1482 2916 saevitia
1513 2856 1656 2936 quidem
1683 2877 1756 2920 non

340 2964 445 3047 plane
468 2961 584 3024 aliena
600 2983 620 3024 a
642 2981 789 3045 persona
809 2960 953 3046 Romuli
974 2959 1061 3039 fuit,
1077 2957 1131 3020 ita
1148 2965 1187 3022 ut
1203 2960 1271 3021 hoc
1290 2959 1469 3042 epitheton
1486 2979 1558 3022 non
1582 2981 1660 3022 cum
1683 2961 1756 3039 ejus

341 3076 463 3132 natura
473 3074 622 3151 pugnet,
644 3066 784 3146 vimque
796 3065 975 3149 antithesis
997 3063 1149 3146 minuat3
1172 3068 1232 3128 sed
1248 3065 1341 3166 idem
1354 3065 1486 3149 optime
1500 3065 1642 3150 ingenio
1653 3067 1757 3132 Sulla

342 3175 522 3257 convenit,
543 3174 646 3254 quale
662 3172 820 3234 hocloco
842 3192 863 3231 a
885 3170 1018 3252 Lepido
1043 3171 1258 3254 depingitur,
1278 3180 1311 3234 ot
1330 3175 1375 3233 ad
1397 3174 1487 3234 hanc
1507 3193 1665 3234 normam
1686 3173 1757 3236 leo·

187 3339 203 3364 x
317 3267 600 3344 ‘tionisbonitas
615 3284 664 3337 est
687 3274 864 3358 exigenda.
892 3277 1051 3336 Ceterum
1067 3276 1135 3336 hoc
1155 3281 1398 3340 antonomasiae
1420 3297 1528 3362 genus
1546 3278 1673 3361 rarius,
1695 3276 1755 3341 cfr.

343 3381 436 3447 infra
463 3365 617 3445 Declam.
641 3378 680 3439 in
709 3377 863 3440 Ciceron.
884 3379 1041 3442 Romule
1065 3375 1241 3461 Arpinus.
1261 3383 1371 3444 Catul.
1398 3385 1514 3468 Epigr.
1540 3387 1589 3446 25.
1608 3380 1758 3447 Cinaede
1849 3453 1854 3460 ⁸

341 3472 499 3568 Roniule
518 3493 553 3549 et
572 3487 620 3546 26.
640 3483 784 3547 Romuli
795 3483 985 3566 Remique3
1006 3485 1056 3548 ita
1075 3487 1179 3551 Nero
1200 3509 1264 3572 pro
1285 3489 1428 3554 homine
1447 3487 1599 3570 crudeli,
1619 3487 1753 3549 Μαῖα·

343 3613 412 3656 nas
428 3611 490 3674 pro
504 3590 720 3654 literatorum
734 3589 919 3655 hominum
930 3600 1077 3674 patrono
1089 3593 1225 3656 dicitur.
1245 3617 1320 3658 nou
1338 3603 1395 3659 tot
1414 3591 1639 3658 exercituum
1652 3592 1756 3656 clade
1833 3637 1840 3648 ι
1866 3571 1871 3583 ’

344 3696 404 3761 cfr.
415 3697 562 3782 Appian.
576 3699 611 3758 B.
623 3695 878 3778 Civ.I.8t1—9t;
892 3697 982 3776 Flor.
994 3702 1023 3762 3.
1037 3701 1342 3780 2130r08.Hisl.V·
1356 3718 1413 3777 203
1427 3701 1516 3759 Plut·
1526 3696 1621 3758 Sulla
1635 3717 1663 3758 c·
1674 3715 1755 3776 27-
1862 3771 1869 3780 ,

344 3807 402 3893 3133
422 3805 541 3886 Pomp.
553 3806 663 3865 3-13.
680 3804 768 3863 Cum
778 3801 841 3863 alii
855 3802 968 3878 multi,
988 3813 1060 3866 tum
1074 3807 1203 3886 Carbo,
1226 3806 1374 3881 Marius,
1395 3803 1574 3866 Norbanus
1588 3802 1756 3886 consules,

308 3901 311 3906 ’
344 3907 677 3991 Publiusantistius,
692 3906 850 3990 Papirius
860 3909 1295 3993 carh0,Muciusscaev‚01a,
1306 3910 1430 3972 Lucius
1440 3907 1613 3971 Domitius
1622 3907 1754 3989 aliique

340 4011 439 4090 bello
457 4013 645 4098 absumpti,
666 4013 747 4078 vide
757 4013 796 4075 ll.
806 4011 845 4076 ll.
859 4022 1018 4078 caeterum
1030 4035 1070 4079 ex
1080 4016 1316 4100 superioribus
1325 4013 1542 4076 manifestum
1552 4021 1619 4096 est,
1632 4012 1755 4076 lectio-

346 4137 424 4183 nem
436 4115 598 4206 consulis
614 4139 685 4184 esse
699 4116 978 4206 improbandam,
990 4120 1180 4186 consulum
1191 4128 1241 4184 est
1254 4120 1293 4182 in
1308 4117 1487 4182 Valioanis.
1496 4113 1756 4202 postfuturos,

347 4241 469 4309 nempe
478 4224 947 4312 inproscriptorumliberos5
966 4227 1048 4290 vide
1057 4233 1124 4293 cat.
1134 4230 1184 4305 ³7·
1199 4222 1518 4306 etQuinctil.XI.1;
1532 4223 1753 4296 ,ltaPlautus

350 4339 561 4418 ante-parta
570 4333 640 4397 Cic.
651 4335 679 4401 1.
690 4334 736 4398 de
748 4335 880 4398 invent.
895 4325 1117 4421 unte-sacta.
1135 4328 1388 4414 Virgil.Aen.I.
1401 4349 1433 4391 r.
1451 4342 1528 4404 2015
1549 4332 1637 4388 ante
1651 4323 1752 4386 mala
1873 4311 1875 4320 ’
