4230 5348
257 473 261 482 ·
306 431 375 519 140

304 637 354 688 ιι.
377 623 426 690 35.
447 622 620 704 ejusloco
638 619 822 704 aliquoties
840 613 1020 684 stationes
1043 624 1079 680 et
1097 608 1274 681 custodire
1294 614 1459 682 dicuntur
1476 620 1557 683 Cas.
1579 622 1617 683 B.
1635 617 1708 688 Ci‘v.

304 746 334 787 1.
353 727 401 806 59.
422 715 496 790 Liv.
517 730 545 790 5.
566 743 614 802 44.
645 729 739 807 quod
763 707 905 809 propter
925 723 1103 807 sequentia
1124 722 1251 804 aliquis
1270 722 1437 807 praeiera‘t:
1459 735 1537 808 post
1563 722 1711 790 bucina-

302 837 385 894 tore
402 831 618 894 hauddubie
639 830 947 916 interponendum:
968 825 1112 894 relicto.
1134 849 1246 910 neque
1253 825 1364 918 fulta
1378 829 1477 892 nullo
1499 832 1577 892 casu
1591 831 1710 894 addito

302 935 548 996 benedictum
578 952 649 996 esse
675 934 964 1017 videtur3quare
987 934 1155 998 Frontino
1182 941 1322 998 auctore
1345 929 1448 1017 palis
1476 934 1709 1013 adJiciendum

303 1036 470 1102 eristimo.
498 1057 620 1117 -17o.·
639 1036 688 1102 In
717 1061 755 1104 se
781 1045 1032 1105 converterent
1051 1050 1119 1116 etc.
1140 1039 1190 1103 ita
1209 1039 1306 1102 facili
1331 1040 1527 1118 conjectura
1549 1043 1712 1105 emenda·

300 1140 400 1204 reris.
419 1143 485 1204 Sed
503 1143 639 1223 reliqua
658 1145 837 1210 restituere
858 1167 899 1212 eo
916 1143 1107 1230 difficilius,
1130 1149 1224 1228 quod
1239 1153 1273 1209 et
1291 1145 1541 1220 incertumst,
1563 1166 1648 1208 num
1666 1149 1711 1208 ad

303 1249 451 1311 eundem
465 1247 619 1332 Spartaci
631 1250 752 1312 dolum
766 1252 837 1315 sint
848 1252 1042 1334 referenda,
1058 1259 1092 1315 et
1107 1253 1212 1314 multi
1222 1251 1400 1314 literarum
1413 1255 1533 1315 ductus
1544 1257 1711 1316 vetustate

301 1370 400 1435 paene
421 1353 598 1436 exstincti,
618 1375 638 1416 a
650 1356 803 1422 librariis
818 1359 907 1422 male
920 1358 1049 1422 exarati
1069 1377 1140 1421 esse
1157 1356 1329 1425 videntur.
1352 1360 1472 1437 Itaque
1487 1358 1561 1420 haec
1575 1356 1709 1441 integra
1782 1437 1786 1446 ι

213 1497 217 1500 -
300 1459 437 1521 restitui
460 1479 531 1522 non
549 1469 709 1543 possunt,
730 1463 798 1525 nisi
816 1463 901 1525 folia
917 1464 982 1526 ista
1002 1462 1193 1526 accuratius
1218 1461 1410 1526 examinata
1432 1461 1571 1524 fuerint.
1571 1463 1710 1550 Itaque

301 1551 474 1628 intalibus
489 1564 625 1630 facilius
635 1577 684 1632 est
696 1569 864 1632 hariolari
875 1590 978 1650 quam
987 1567 1185 1652 probabiles
1195 1582 1388 1652 proponere
1398 1567 1618 1646 conjecturas.
1627 1587 1710 1648 qua-

299 1687 338 1730 re
352 1650 425 1732 haec
438 1668 578 1732 Kritziis
590 1671 810 1756 ejusdemque
820 1676 940 1739 farinae
955 1674 1159 1738 hominibus
1171 1674 1381 1736 restituenda
1395 1672 1566 1760 relinquo.
1588 1694 1711 1754 ·.·17r

223 1819 225 1824 ·
300 1773 411 1850 Hujus
438 1795 575 1855 quoque
598 1777 783 1862 fragmenti
814 1775 950 1844 initium
977 1790 1011 1844 et
1041 1776 1240 1863 corruptum
1264 1788 1297 1841 et
1321 1778 1492 1842 mutilum.
1524 1777 1631 1840 Multi
1654 1777 1709 1839 vel

217 1901 218 1904 ¹
292 1880 393 1941 hune
413 1879 529 1942 locum
546 1881 651 1944 variis
670 1883 875 1962 conjecturis
896 1893 1132 1970 tentaverunt,
1153 1904 1237 1966 quas
1248 1885 1390 1948 laudare
1409 1902 1710 1967 supervacaneum,

301 2003 378 2044 cunr
396 1967 602 2050 Garatonius
620 1989 665 2048 ad
687 1988 756 2055 Cic.
777 2011 841 2072 pro
863 1991 1027 2054 Flaccoo.
1055 1996 1101 2053 13.
1120 2014 1154 2074 p.
1180 1993 1254 2052 ι8ι.
1250 1989 1461 2052 acutissime
1483 1992 1527 2052 do
1544 1988 1612 2050 h'oc
1631 1988 1710 2049 loco

300 2089 420 2172 egerit.
449 2110 553 2176 quam
574 2100 694 2154 notam
718 2092 952 2159 doctissimam
971 2100 1016 2158 ad
1037 2097 1183 2158 verbum
1203 2096 1499 2171 transcribendam
1523 2112 1595 2155 esse
1616 2092 1712 2169 judi-

302 2211 386 2254 cavl-
406 2195 482 2268 «P
495 2195 640 2261 Vareno
663 2199 844 2263 Praetore.
876 2201 927 2261 Ita
950 2219 1069 2262 omnes
1089 2199 1194 2262 libri.
1226 2201 1390 2262 mendose
1411 2207 1526 2260 tamen
1547 2197 1712 2281 scriptum
1827 2247 1829 2251 .

242 2347 244 2354 .
299 2297 455 2374 videtur,
487 2301 558 2363 sive
578 2322 642 2385 pro
669 2300 849 2388 Varinio,
881 2308 976 2386 quod
1005 2305 1137 2388 placuit
1162 2304 1307 2389 Sigonio
1333 2307 1377 2366 ad
1403 2303 1478 2366 Lir.
1495 2302 1586 2385 Epit.
1613 2303 1710 2366 XCV.

299 2403 474 2492 planeque
493 2427 612 2470 verum
635 2415 737 2491 esset,
758 2403 795 2470 εἴ
808 2418 901 2472 certo
921 2411 1105 2487 sciremus,
1126 2414 1232 2471 hunc*
1244 2429 1315 2470 esse
1334 2409 1436 2468 illum
1461 2410 1627 2492 eundem,
1650 2407 1730 2486 qui.

300 2527 392 2572 anno
412 2512 591 2574 DCLXXX.
615 2515 745 2577 Praetor
760 2515 921 2600 adversus
936 2514 1134 2596 Spartacum
1149 2511 1272 2574 missus
1286 2519 1352 2592 est,
1373 2530 1533 2591 annoque
1548 2520 1711 2592 sequente

299 2615 415 2696 potuit
435 2637 515 2686 sane
531 2619 646 2680 Asiam
663 2619 891 2700 proPraetore
909 2618 1011 2684 solita
1026 2637 1067 2680 ex
1082 2617 1263 2681 sortitione
1283 2617 1448 2679 obtinere.
1471 2615 1566 2697 Quin
1579 2616 1709 2678 etenim

301 2717 364 2781 ille
381 2721 426 2782 Ρ.
457 2718 635 2786 Varinius
660 2721 795 2784 Glaber
815 2722 1062 2804 appellaretur,
1093 2721 1246 2783 dubitari
1268 2721 1399 2802 nequit.
1425 2721 1572 2784 Consule
1596 2719 1709 2784 Vinet.

301 2826 346 2885 ad
366 2824 457 2890 Flor.
480 2829 541 2887 Ill.
565 2848 611 2886 ιο.
635 2835 669 2888 et
685 2827 844 2887 Oudend.
866 2827 909 2886 ad
935 2824 1091 2887 Frontin.
1107 2825 1218 2910 βίης.
1239 2827 1264 2885 I.
1286 2830 1314 2886 5.
1336 2848 1385 2887 ιι.
1403 2827 1522 2905 Neque
1539 2826 1588 2886 Cl.
1604 2826 1709 2887 Drak.

301 2931 344 2994 P.
369 2933 556 3010 Varenum
577 2931 756 3013 edidisset,
778 2930 808 2991 si
828 2929 1060 3012 praestantiam
1077 2947 1194 2989 earum
1218 2929 1496 2990 membranarum
1517 2937 1708 3014 cognosset,

303 3055 343 3098 ex
364 3038 490 3117 quibus
509 3037 701 3122 fragmenta
729 3038 882 3117 quadam
904 3033 1014 3098 edidit
1034 3035 1139 3112 lanus
1160 3034 1294 3116 Douza,
1323 3053 1399 3112 quae
1419 3033 1562 3096 Salustii
1584 3042 1709 3116 putan-

301 3149 374 3224 tur,
403 3150 435 3202 et
464 3162 542 3202 cum
569 3142 718 3205 Salustio
747 3145 929 3205 cuduntur.
963 3144 1004 3201 In
1027 3143 1081 3212 ed.
1102 3139 1332 3220 Havercampi
1357 3141 1496 3206 suntT.
1517 3141 1560 3202 ll.
1581 3161 1615 3220 p.
1639 3141 1709 3202 151:

306 3249 373 3311 152.
395 3246 587 3331 Schottum,
621 3249 684 3330 qui
704 3268 745 3311 ea
764 3250 794 3309 J.
814 3247 933 3330 Lipsio
955 3244 1202 3328 transmiserat,
1238 3243 1347 3306 miror
1357 3285 1375 3324 ,«
1398 3263 1439 3305 ex
1461 3241 1505 3304 iis
1522 3242 1711 3306 'lectionem
1808 3271 1813 3275 ·

306 3352 347 3414 V
342 3349 505 3434 arinius,
535 3373 611 3433 quae
638 3357 822 3435 adoptatur
849 3351 888 3413 in
916 3350 1037 3426 Annal.
1065 3349 1161 3434 Pigh.
1185 3350 1359 3411 DCLXXI.
1380 3368 1452 3411 non
1475 3348 1709 3427 confirmasse,

302 3454 373 3516 imo
389 3441 583 3519 ¹Praeturam
603 3460 640 3518 P.
660 3456 798 3522 Varinii
819 3464 1009 3519 totamsuo
1030 3455 1108 3519 loco
1129 3454 1390 3539 praetermisisse.
1413 3453 1517 3534 Atqui
1538 3455 1711 3516 membra*

235 3619 236 3624 ,
303 3578 356 3622 nae
376 3561 446 3623 illae
468 3561 669 3646 Virgilianis
690 3541 856 3624 Mediceis
877 3561 968 3625 nihil
988 3564 1031 3624 de
1052 3559 1257 3640 antiquitate
1278 3562 1480 3622 concedunt.
1518 3561 1634 3643 Quum
1655 3579 1710 3626 eas

304 3682 346 3724 ex
374 3667 574 3748 apographo
604 3659 776 3730 Glrevanei
806 3666 917 3730 tribus
946 3667 1024 3729 aliis
1054 3665 1256 3751 fragmentis
1276 3665 1453 3736 auctiores
1484 3674 1603 3728 nactus
1625 3674 1711 3728 esset

305 3770 556 3834 eruditissimus
570 3771 759 3848 Bimardus,
779 3771 970 3858 maioribus
991 3757 1126 3854 litteris,
1146 3779 1185 3832 ut
1205 3778 1284 3833 sunt
1303 3771 1509 3855 perscriptae,
1528 3757 1712 3854 publican-

213 3923 216 3934 .
305 3874 366 3931 das
388 3875 520 3934 curavit
541 3874 579 3933 in
600 3875 687 3938 Diss.
708 3879 735 3941 Ι.
756 3877 855 3940 Thes.
878 3879 983 3939 Inscr.
1004 3879 1129 3936 Murat.
1149 3880 1340 3958 praemissa,
1362 3885 1395 3938 et
1415 3879 1509 3939 hunc
1528 3876 1639 3939 Tullii
1658 3878 1713 3940 lo-

305 3995 383 4037 cum
404 3995 444 4036 ex
463 3975 588 4036 iisdem
610 3979 741 4040 censuit
762 3982 1027 4041 emendandum.
1047 3981 1113 4042 Sed
1134 3981 1313 4044 annalium
1334 3983 1583 4064 maximorum,
1601 3982 1711 4044 libro·

303 4099 423 4142 rumve
451 4078 639 4140 linteorum
666 4082 872 4162 particulam
900 4103 935 4146 se
955 4083 1107 4166 primum
1127 4087 1226 4148 edere
1247 4085 1316 4149 sihi
1334 4088 1519 4188 persuasit,
1551 4087 1710 4170 ignarus,

305 4182 447 4247 obvia'
437 4204 475 4244 ιιι
495 4181 635 4244 Salustii
656 4187 733 4246 edd.
765 4184 831 4244 tria
860 4186 922 4248 illa
944 4207 1014 4250 esse
1035 4188 1247 4275 fragmenta,
1274 4201 1307 4254 et
1331 4197 1429 4274 paene
1461 4195 1506 4254 ad
1524 4191 1668 4254 verbum
1689 4209 1710 4252 a

306 4287 541 4354 Freinshemio
573 4289 743 4373 descripta
763 4290 936 4374 Supplem.
958 4291 1032 4358 Liv.
1052 4294 1148 4362 XCV
1171 4317 1200 4375 7.
1234 4304 1267 4360 et
1297 4317 1390 4377 seqq.
1421 4298 1483 4378 qui
1514 4296 1618 4361 etiam
1646 4295 1709 4359 illa
