4282 5390
1698 467 1745 540 ¹9

417 627 549 694 Eodem
566 643 659 690 anno
677 627 711 688 c.
729 623 854 711 Curio,
873 626 1062 695 Proconsnl
1082 647 1164 694 cum
1182 627 1332 695 exercitu
1350 631 1391 698 in
1406 632 1648 698 Macedoniam
1665 656 1748 720 pro·

340 731 462 820 iectus,
485 754 565 802 cum
576 732 730 798 militum
741 731 950 798 seditionem
967 734 1146 801 severitate
1162 736 1430 824 compressisset,
1461 779 1480 816 e
1494 741 1748 806 adtentatarnm

336 840 516 925 superiore
541 840 635 908 bello
653 838 811 928 gentium
837 839 910 905 vim
932 842 1128 924 declinans,
1157 842 1197 906 in
1216 844 1425 910 Dardaniam
1446 865 1542 910 arma
1559 845 1748 930 convertit,

339 965 484 1028 eamque
492 946 695 1030 superavit.»
708 945 768 1010 cfr.
784 946 882 1012 Oros.
892 949 921 1012 6.
933 953 982 1014 23.
995 949 1070 1015 liv.
1079 949 1168 1034 Epit.
1180 968 1229 1032 92.
1239 949 1450 1032 95.Frontin.
1463 951 1607 1036 Stratag.
1616 967 1647 1028 s.
1659 975 1685 1014 ι.
1696 955 1748 1030 435

340 1051 526 1115 Curionem
551 1053 659 1118 Dacia
688 1060 788 1118 tenus
810 1052 947 1122 venisse
965 1059 1026 1121 sed
1057 1059 1216 1124 tenebras
1235 1057 1387 1122 saltuum
1410 1055 1600 1142 expavisse,
1626 1056 1749 1122 Florus

337 1383 414 1427 cum
433 1366 558 1449 saepius
582 1385 637 1430 res
660 1367 822 1452 pluribus
844 1369 945 1434 annis
968 1375 1078 1456 gestas
1099 1366 1305 1446 confundat,
1325 1369 1394 1435 boc
1420 1388 1559 1452 quoque
1578 1369 1674 1445 loco,
1693 1371 1748 1451 ut,

335 1477 464 1550 quanta
480 1471 520 1532 in
537 1472 690 1538 Sertorio
704 1472 810 1540 fuerit
825 1476 961 1562 ingenii
975 1476 1179 1560 magnitudo
1187 1517 1199 1550 ,
1219 1472 1397 1538 luculento
1418 1475 1575 1557 exemplo
1600 1475 1750 1550 doceret,

334 1573 649 1660 inconsiderantius
677 1579 787 1666 egisse
804 1582 952 1648 videtur.
972 1583 1057 1667 Quae
1079 1581 1222 1664 quidem
1245 1577 1536 1657 conjecturasatis
1557 1585 1607 1643 est
1621 1577 1750 1662 proba-

275 1701 277 1708 ’
335 1677 439 1758 bilis,
462 1691 657 1767 comparato
670 1685 760 1750 Livii
771 1687 984 1766 testimonio,
999 1689 1063 1771 qui
1084 1688 1227 1770 quidem
1248 1686 1343 1751 idem
1365 1684 1456 1769 fere,
1476 1685 1573 1766 quod
1595 1681 1751 1744 adhunc

291 1807 295 1814 ·
333 1801 465 1850 annum
491 1789 597 1854 refert
622 1791 843 1882 Plutarchus,
863 1805 1001 1881 postero
1018 1802 1154 1883 gestum
1175 1813 1247 1860 csse
1266 1792 1384 1858 tradit.
1413 1793 1481 1856 Sed
1493 1792 1561 1856 hoc
1582 1789 1674 1854 inter
1692 1801 1752 1850 cos
1810 1815 1813 1822 ·
1869 1829 1871 1836 ,

280 1971 287 1984 ὓ
333 1893 512 1974 convenit,
535 1897 745 1985 Sertorium,
764 1902 889 1984 proelio
912 1903 1020 1984 facto,
1040 1901 1080 1964 in
1100 1902 1278 1966 castellum
1308 1918 1381 1966 sese
1404 1895 1590 1982 recepisse,
1609 1895 1671 1957 ubi
1689 1909 1753 1976 pet

331 1993 476 2075 aliquod
500 2007 635 2085 tempus
661 2006 816 2070 obsessus
836 2005 953 2072 fuerit.
984 2007 1044 2071 cfr.
1068 2008 1143 2073 Liv.
1162 2009 1252 2092 Epit.
1282 2009 1384 2070 XCII.
1406 2006 1601 2081 ,obsessus
1626 1997 1755 2064 deinde

333 2098 464 2160 Cluniae
490 2105 681 2180 Sertorius,
708 2112 852 2168 assiduis
875 2113 1116 2182 eruptionibus
1134 2132 1209 2163 uon
1228 2113 1362 2184 leviora
1381 2114 1507 2167 domna
1520 2101 1754 2166 obsidentibus

334 2195 608 2260 ineditarum
627 2225 703 2263 uum
730 2205 819 2260 belli
842 2204 1114 2276 sequentianno
1143 2201 1231 2282 gesti
1258 2201 1332 2264 fere
1367 2201 1488 2264 eadem
1516 2195 1623 2262 fuerit
1641 2197 1752 2283 ratio,

336 2300 465 2384 quippe
482 2302 580 2380 quod
601 2297 774 2359 Sertorius
794 2300 960 2382 calagnri
984 2321 1063 2368 curn
1082 2302 1235 2365 exercitu
1252 2303 1421 2388 inclusus,
1443 2306 1559 2368 hostes
1575 2305 1620 2366 ab
1642 2324 1752 2388 oppu-

331 2403 499 2488 gnatione
522 2399 683 2481 depulsos
705 2399 827 2462 cedere
853 2403 1023 2483 coegerit,
1052 2403 1155 2464 facile
1184 2397 1412 2492 fieri'potuit,
1434 2415 1473 2466 ut
1492 2409 1696 2473 Plutarchus
1711 2408 1752 2472 in

333 2525 488 2572 errorem
500 2505 704 2582 incurreret.
723 2503 841 2574 Simili
853 2504 947 2587 capti
958 2523 1093 2588 errore,
1110 2504 1283 2589 Sigonius,
1305 2505 1583 2592 Freinsbeimius,
1601 2514 1753 2578 ltebros-

334 2612 421 2688 sius,
438 2610 634 2677 Sertorium
648 2617 727 2694 post
746 2610 880 2674 cladem
899 2611 944 2673 ad
964 2611 1155 2695 Saguntum
1170 2616 1346 2694 acceptam
1359 2609 1542 2696 Calagurin
1552 2591 1753 2698 'confugisse

335 2723 507 2796 statuunt,
528 2735 608 2779 cum
631 2714 733 2778 Livio
755 2721 840 2780 teste
868 2711 1001 2778 Cluniae
1028 2715 1185 2778 obsessus
1213 2715 1273 2799 sit,
1295 2715 1382 2780 urbe
1408 2715 1448 2780 in
1464 2717 1658 2783 Celtiberiae
1679 2719 1752 2786 fine
1855 2755 1867 2762 -

335 2821 418 2905 sita,
435 2823 530 2886 unde
551 2820 732 2884 Clunensis
747 2827 935 2885 conventus
945 2819 1141 2904 appellatus
1161 2827 1221 2884 est.
1241 2821 1396 2884 Primus.
1409 2825 1450 2885 N.
1462 2827 1493 2886 3.
1510 2841 1541 2899 4.
1560 2824 1701 2890 Accedit
1716 2828 1751 2889 ct

336 2925 485 3010 Appiani
504 2926 743 2992 testimonium
760 2929 799 2993 ll.
822 2926 894 2991 civ.
912 2928 938 2992 l.
961 2942 1030 2990 rra.
1053 2925 1117 3008 qui
1134 2931 1168 2991 et
1180 2927 1254 3011 ipse
1270 2925 1466 3012 Calagurim
1481 2929 1639 3008 sequenti
1655 2947 1748 2994 anno

336 3040 572 3118 oppugnatam
588 3033 711 3117 tradit,
740 3039 773 3097 et
799 3031 908 3118 ipsius
927 3033 1150 3110 urbiculus,
1179 3033 1306 3118 quippe
1328 3047 1576 3116 'quae·campo,
1601 3033 1665 3110 ubi
1682 3055 1749 3118 pu-

338 3146 481 3221 gnaturn
501 3147 567 3223 cst,
587 3138 734 3224 propius
755 3138 816 3222 sit,
836 3159 940 3219 quam
956 3137 1144 3223 Calaguris.
1176 3141 1256 3203 Non
1270 3121 1380 3224 igitur
1394 3139 1462 3202 hoc
1479 3159 1572 3204 anno
1588 3140 1750 3206 Metellus

338 3240 378 3304 in
396 3243 546 3305 Galliam
571 3251 621 3304 est
645 3243 818 3324 repulsus,
838 3242 965 3326 quippe
986 3243 1049 3324 qui
1067 3244 1225 3329 superior
1249 3263 1290 3309 ex
1312 3263 1430 3332 pugna
1447 3245 1662 3322 discesserit,
1683 3265 1748 3312 nec

339 3343 409 3408 nisi
426 3347 492 3410 hac
510 3345 625 3408 hieme
640 3346 682 3408 de
701 3345 855 3410 victoriis
869 3347 912 3408 ab
928 3347 1027 3411 hoste
1041 3351 1223 3434 reportat-is
1241 3351 1409 3416 exsultem
1426 3352 1589 3438 potuerit.
1609 3353 1749 3418 Nihilo-

338 3455 449 3543 minus
455 3457 571 3514 tamen
579 3456 669 3514 recte
680 3449 751 3514 dici
759 3451 880 3537 potuit,
901 3454 1037 3543 Metello
1048 3458 1212 3522 exGallia
1224 3456 1436 3528 frumentum
1449 3461 1650 3524 subvectum
1660 3455 1748 3520 luis·
1794 3513 1810 3542 ‚

339 3574 386 3622 se.
409 3557 495 3619 Cum
508 3554 602 3619 enim
616 3557 654 3620 in
669 3557 865 3624 citeriorem
875 3555 1080 3644 Hispaniam
1090 3565 1289 3652 transiisset,
1311 3573 1384 3631 erat
1398 3564 1519 3646 utique
1533 3579 1679 3645 necesse,
1699 3573 1747 3644 ut,

340 3681 418 3725 cum
433 3661 536 3739 hujus
547 3662 734 3745 provincia
752 3665 905 3732 civitates
926 3671 1084 3755 Pompeji
1097 3672 1283 3743 exercitum
1305 3679 1498 3737 commeatu
1516 3667 1747 3741 sublevarent,

339 3765 440 3830 alteri
466 3766 631 3830 exercitui
657 3777 865 3836 commeatus
886 3774 1029 3840 aliunde
1046 3783 1239 3858 peteretur,
1259 3778 1299 3838 id
1314 3779 1421 3855 ,quod
1443 3775 1615 3836 ciceronis
1632 3773 1747 3838 verbis

339 3869 564 3935 confirmatur
574 3890 638 3955 pro
649 3872 835 3950 Fontejoc.
850 3892 880 3940 a.
898 3896 1060 3962 ,magnas
1077 3877 1241 3961 pecunias
1258 3882 1303 3942 ad
1314 3877 1537 3963 stipendium,
1558 3881 1745 3944 maximum

339 3974 506 4040 frumenti
525 3997 708 4042 numerum
735 3979 779 4039 ad
800 3980 1029 4065 Hispaniense
1057 3984 1191 4047 bellum
1212 3983 1430 4048 tolerandum
1453 3983 1635 4068 imperavit
1655 3985 1746 4068 (scil.'
1812 4031 1817 4036 .
1851 4058 1855 4062 ¹

340 4082 501 4161 Fontcjus
524 4084 646 4150 Galliae
664 4086 878 4170 propraetor.)
899 4087 1094 4153 cumcuim
1116 4089 1222 4172 paulo
1244 4095 1319 4172 post
1334 4089 1491 4174 Pompeji
1507 4089 1744 4154 exercitnmin

341 4186 455 4252 Gallia
479 4189 678 4256 hibernasse
704 4191 846 4276 dixerit,
866 4192 1025 4276 omittere
1059 4211 1131 4256 non
1155 4199 1308 4276 poterat,
1348 4195 1453 4260 etiem
1480 4195 1662 4274 Metellum
1690 4191 1743 4257 ibi

342 4289 460 4377 fuisse,
480 4299 575 4378 quod
595 4301 640 4361 ad
658 4296 841 4378 Fonteium
862 4301 1093 4366 excusandum
1113 4297 1305 4383 plurimum
1323 4297 1414 4364 fecit.
1513 4343 1516 4350 ›

1417 4409 1442 4455 alt
