4334 5354
371 463 447 536 580

371 679 440 718 rnna
461 689 477 701 -
497 677 531 719 ex
548 657 643 715 'literis
658 685 674 698 -
694 671 740 711 10.
764 659 794 710 et
814 646 930 730 egregia
951 655 1004 707 toa
1023 647 1161 707 omittam
1178 677 1198 695 ··
1216 647 1309 706 tinem
1322 645 1388 708 vita
1403 643 1476 706 iecit
1503 675 1523 691 -
1547 642 1662 703 alienos
1684 644 1797 724 sujun-

372 784 439 848 gere
450 797 468 810 -
480 759 638 840 pariuntur
647 790 666 805 -
675 766 705 816 et
718 755 874 818 enitemini
883 785 902 800 -
916 774 962 812 ιι.
977 751 1169 834 intellegebat
1178 786 1193 798 ·
1204 755 1237 812 in
1251 771 1346 841 unum
1359 730 1588 812 convenerunt·
1602 763 1650 840 ²²?
1663 752 1796 832 finesque

369 866 493 948 imperii
510 865 652 926 constitui
671 894 688 911 -
704 881 778 925 verae
802 864 897 921 claves
915 891 933 906 -
954 861 1097 940 inrupere
1118 855 1142 902 -'
1162 861 1207 921 13.
1228 849 1485 940 paratisconsiliis'
1499 889 1519 904 -
1539 857 1604 937 quis
1618 857 1757 939 praecepit
1777 890 1797 907 -

373 987 583 1060 quemcunque
598 979 720 1057 possent
735 1003 750 1014 -
772 963 940 1029 ambiundo
959 997 978 1012 -
999 965 1045 1036 ιζ.
1062 985 1094 1045 p.
1111 985 1139 1030 c.
1153 973 1238 1044 pater
1252 983 1334 1024 meus
1349 964 1477 1024 moriens
1490 995 1509 1010 -
1533 963 1696 1044 imperium
1708 969 1796 1042 ejus·

372 1087 568 1160 cognatorum
585 1077 623 1136 'iu
644 1074 781 1135 affinium
802 1077 908 1134 locum
927 1105 944 1117 -
966 1089 1117 1154 quaecum
1130 1079 1274 1154 praecepta
1297 1070 1429 1151 parentis
1452 1071 1511 1128 mei
1526 1100 1542 1113 -
1565 1073 1724 1166 masinissa
1747 1089 1796 1132 ms

374 1194 514 1266 nepotem
536 1193 564 1243 et
582 1189 643 1262 jam
663 1181 701 1241 ah
718 1184 809 1262 stirpe
825 1212 844 1227 -
863 1178 959 1238 nolite
980 1177 1042 1257 pati
1067 1196 1115 1235 me
1142 1186 1283 1256 nepotem
1314 1176 1467 1235 mesinisse
1481 1209 1498 1222 -
1517 1173 1765 1258 Carthaginenses
1778 1205 1796 1222 ··

362 1288 486 1350 ut‘hee
505 1325 523 1352 „-
546 1271 649 1371 parem
670 1299 707 1348 tu
736 1307 804 1348 cum
830 1285 930 1345 liberis
953 1286 1012 1344 tuis
1033 1279 1321 1364 -Carthaginenses
1340 1281 1540 1372 incolomes·
1561 1283 1663 1343 omnia
1682 1283 1759 1344 hats
1778 1295 1796 1330 -·

370 1393 471 1456 hostes
497 1375 643 1456 exlatere
661 1428 674 1441 ·
703 1395 816 1478 quippe
837 1392 908 1474 quia
929 1387 1021 1449 hostis
1042 1389 1196 1449 -sceleris
1217 1387 1349 1471 praedam
1375 1389 1444 1449 lecit
1460 1371 1592 1448 -isdem
1618 1389 1696 1448 dolis
1711 1423 1728 1434 -
1761 1389 1795 1448 in

371 1503 502 1581 imperio
521 1511 619 1566 vestro
636 1485 720 1561 sicut„
735 1475 799 1579 (his
820 1500 853 1557 in
870 1495 967 1560 verbis
984 1496 1094 1557 desinit
1112 1494 1183 1577 dug.
1202 1515 1271 1578 pag.
1294 1493 1360 1554 118.
1378 1514 1447 1575 pag.
1470 1514 1536 1574 ¹¹9·
1554 1494 1663 1572 incipit
1677 1491 1748 1576 Jug.
1768 1514 1794 1552 ι.

370 1606 549 1688 probitatem
564 1639 577 1653 ·
598 1617 671 1668 artes
685 1607 778 1668 bonas
793 1639 809 1653 ·
833 1601 986 1690 diffluxere
1002 1635 1021 1650 -
1044 1611 1156 1663 actores
1178 1622 1245 1682 sup.
1264 1602 1321 1660 lin.
1344 1601 1468 1660 factores
1491 1633 1507 1646 -
1535 1599 1690 1680 multaque
1706 1599 1795 1660 etiam

370 1713 574 1796 periculosaf
598 1735 690 1796 genus
720 1711 881 1792 hominum
911 1744 927 1754 -
957 1709 1134 1784 (humanum
1155 1705 1365 1790 emendatum)
1389 1726 1513 1788 corpore
1535 1716 1564 1766 et
1588 1707 1691 1766 anima
1717 1707 1796 1766 est·⁴

371 1815 410 1874 ad
433 1815 492 1875 hoc
515 1849 530 1862 -
555 1817 716 1894 omniaque
739 1819 804 1872 orte
824 1844 840 1856 ·
869 1809 1035 1893 agitatoque
1064 1803 1155 1869 hahet
1182 1840 1202 1857 ·-
1226 1811 1356 1890 amplius
1374 1810 1469 1870 aliud·
1484 1843 1503 1859 -
1527 1822 1637 1872 memet
1660 1809 1811 1890 studium-

371 1940 472 1981 meum
491 1919 644 1980 laudando
663 1921 801 1980 extollere
820 1949 839 1964 -
859 1915 986 1997 proinde
1000 1916 1084 1996 quasi
1106 1917 1200 1975 -tale
1217 1914 1345 1996 proinde
1364 1919 1481 1976 ratione
1495 1913 1644 1976 habentur
1659 1949 1677 1964 -
1697 1928 1795 1978 tunc-

371 2024 495 2083 initium
512 2024 666 2107 expediam
691 2057 707 2070 -
726 2045 743 2085 a
762 2021 871 2107 publio
890 2055 906 2068 -
929 2023 1037 2082 lecerat
1053 2023 1185 2110 facinora
1205 2053 1224 2068 -
1243 2022 1332 2082 silace
1352 2052 1370 2069 -
1396 2025 1520 2104 vitaeque
1541 2027 1603 2102 ejus
1620 2023 1692 2082 finis
1712 2021 1794 2082 idem

376 2131 434 2192 tuit
445 2164 462 2178 ·
476 2130 549 2192 dein
564 2133 689 2213 micipsa
703 2163 722 2179 -
731 2125 1126 2214 mastanahile·absumptis
1135 2163 1151 2176 -
1162 2147 1225 2190 non
1235 2129 1358 2190 seluxui
1370 2160 1386 2174 -
1395 2138 1425 2188 et
1434 2128 1597 2188 minimum
1609 2129 1794 2209 -oportnni-

374 2249 417 2298 tas
428 2269 446 2288 -
460 2239 546 2308 facile
562 2258 630 2298 eum
648 2258 823 2300 occasurum
837 2239 965 2320 praefecit
977 2272 989 2286 ·
1001 2241 1068 2322 quis
1082 2236 1170 2298 rebus
1183 2271 1199 2284 -
1213 2233 1301 2297 nothi
1310 2244 1400 2316 atque
1409 2233 1526 2294 nobiles
1535 2269 1551 2280 -
1561 2255 1614 2294 sua
1625 2237 1752 2316 pecunia
1762 2243 1795 2296 et

372 2345 470 2426 ipsum
482 2377 501 2392 ·
517 2365 634 2406 summa
645 2347 779 2426 nitemur
791 2369 848 2430 ope
858 2381 877 2396 ·
892 2347 947 2407 tihi
962 2345 1084 2428 quidem
1095 2355 1198 2406 nostra
1209 2377 1228 2392 -
1240 2341 1448 2434 intellegent·
1464 2361 1510 2407 ro.
1524 2360 1626 2402 cerum
1641 2361 1702 2402 csse
1711 2373 1726 2390 ·
1740 2359 1794 2402 ns·

372 2470 430 2532 que
443 2471 476 2510 ea
489 2471 533 2512 res
554 2486 572 2501 -
593 2465 644 2514 tua
667 2487 683 2501 -
703 2455 836 2532 facinora
857 2445 923 2538 sup.
949 2456 1007 2518 lin.
1030 2488 1046 2499 -
1065 2453 1178 2514 alienos
1193 2455 1376 2533 conjungere
1397 2480 1417 2496 -
1439 2449 1543 2530 paucis
1564 2459 1632 2531 post
1650 2446 1756 2508 diebus
1778 2481 1794 2496 ·

370 2575 415 2616 res
435 2558 509 2636 jacit
529 2591 547 2604 -
569 2559 658 2620 illum
680 2559 773 2620 tribus
793 2564 936 2643 proximis
959 2562 1044 2621 aunis
1068 2555 1087 2608 έ-
1107 2559 1216 2624 13.sed
1232 2559 1322 2618 illum
1343 2556 1437 2616 alium
1456 2556 1604 2637 -paratis
1625 2553 1756 2616 consiliis
1775 2583 1795 2602 ·

371 2663 437 2741 quis
450 2667 590 2747 praecepit
602 2699 621 2728 .-
634 2687 811 2748 quecunque
821 2679 944 2750 possent
960 2667 1122 2750 largiundo
1138 2699 1156 2718 -
1170 2663 1336 2726 ambiundo
1348 2695 1368 2712 ·
1386 2663 1432 2736 sl.
1444 2664 1606 2744 imperium
1622 2667 1712 2742 ejus·
1725 2657 1794 2720 ma·'

370 2765 472 2835 sinisse
498 2785 546 2823 me
564 2778 704 2843 nepotem
727 2760 824 2826 -sed
854 2792 888 2824 ea
911 2777 936 2830 at
962 2805 980 2820 -
1003 2773 1211 2848 cartaginensi
1225 2803 1238 2816 ·
1259 2774 1326 2853 pati
1349 2791 1397 2830 me
1421 2779 1563 2851 nepotem
1586 2768 1754 2828 massinisse
1775 2796 1794 2813 -

374 2868 580 2929 delortunatus
598 2868 736 2928 aemmnis
750 2899 769 2931 ·.·
790 2865 1035 2950 Carthaginenses
1053 2875 1126 2948 -tet
1146 2869 1270 2945 itemm)
1288 2875 1454 2930 incolomes
1470 2899 1485 2914 ·
1503 2874 1611 2948 quippi
1634 2872 1702 2948 quis
1722 2905 1735 2918 ·
1750 2871 1795 2930 is·
1838 2904 1842 2912 ·

371 2973 439 3034 dem
462 2974 539 3033 dolis
556 3006 575 3021 -
601 2973 693 3035 domo
706 2976 831 3054 inopem
857 2983 887 3034 et
907 2983 1081 3056 coopertum
1100 3006 1119 3022 -
1132 2971 1205 3056 ¹(hic
1222 2975 1298 3034 ulter
1316 2971 1409 3032 codex
1428 2971 1535 3032 desiuit
1552 2981 1582 3032 et
1598 2974 1709 3053 incipit
1725 2993 1793 3033 rur-

345 3143 348 3146 ,
370 3099 419 3140 sus
429 3080 513 3160 prior
527 3080 560 3138 in
572 3077 741 3164 uerbisque
750 3096 838 3159 supra
852 3077 971 3142 laudavi
984 3114 1000 3125 -
1013 3077 1075 3139 haec
1086 3088 1155 3138 noto
1165 3078 1247 3152 folia,
1268 3097 1333 3158 que
1346 3085 1513 3158 sequuntur
1523 3078 1649 3158 pessime
1658 3089 1793 3155 exarata3
1901 3076 1904 3080 ’

367 3185 461 3266 ‚igitur
474 3174 536 3242 haec
545 3204 562 3240 a
571 3181 691 3242 librario
701 3203 856 3266 perperam
868 3185 1011 3262 confuse.)
1026 3186 1126 3262 miseri
1136 3182 1236 3244 effecit
1246 3205 1261 3229 ⁴
1275 3186 1370 3243 tocius
1383 3214 1403 3230 ··
1416 3181 1454 3243 ab
1468 3182 1612 3266 jugurtha
1623 3184 1655 3246 iu
1671 3203 1790 3245 crucem
1856 3253 1880 3262 ,

371 3288 455 3348 acti·
469 3288 632 3348 incolomis
649 3319 662 3334 ·
678 3289 750 3348 mali
771 3289 924 3351 accidisset
937 3324 953 3352 .·
968 3289 1150 3351 Nationesne
1169 3309 1251 3372 reges
1268 3321 1286 3338 -
1306 3291 1428 3351 fortuna
1443 3290 1570 3350 mutavit
1586 3289 1658 3351 -dis
1677 3325 1693 3336 -
1710 3309 1791 3373 opu-

369 3393 445 3452 lenti
457 3423 473 3437 ·
486 3393 589 3451 omnia
600 3396 677 3454 ercle
691 3391 731 3452 he
750 3404 779 3454 et
794 3393 963 3456 obedientie
974 3431 989 3442 -
1005 3398 1125 3456 iaticare
1134 3429 1147 3443 ·
1161 3403 1256 3476 aput·
1265 3396 1352 3456 utille
1369 3428 1386 3441 -
1402 3382 1546 3454 celeribus
1560 3397 1620 3455 suis
1632 3416 1720 3457 verax
1729 3430 1745 3443 ·
1755 3397 1789 3456 in
1823 3443 1843 3459 ..

370 3516 462 3582 regno
489 3501 643 3560 consulam
672 3534 689 3553 v
719 3501 851 3561 licuisset
881 3499 1022 3562 honestus
1048 3503 1140 3561 exitus
1173 3506 1247 3560 esset
1268 3532 1281 3546 ·
1310 3497 1356 3577 (in
1380 3501 1441 3560 fine
1462 3501 1606 3560 orationis
1621 3500 1788 3562 Atherlsus

373 3605 466 3664 multa
480 3601 619 3688 peccata)
637 3639 654 3651 -
671 3607 717 3668 si.
738 3609 920 3689 nequivisset
938 3639 957 3654 -
975 3609 1112 3668 extollere
1132 3602 1299 3668 laudibus·
1321 3605 1445 3666 emilius
1454 3625 1574 3666 scaurus
1594 3605 1790 3689 (implorum-

370 3729 429 3789 que
447 3713 632 3794 praenomina
655 3713 781 3790 exarata)
809 3747 826 3760 -
849 3715 957 3791 impiet
976 3745 995 3759 -
1016 3709 1122 3796 galltdi
1140 3746 1154 3759 ·
1174 3721 1205 3771 et
1220 3709 1294 3771 dum
1317 3713 1353 3773 iu
1372 3723 1478 3773 senatu
1497 3723 1603 3793 potens
1624 3744 1642 3759 -
1656 3733 1685 3795 g.
1706 3731 1790 3774 orac·
1857 3721 1862 3730 ’

370 3812 429 3875 cho
450 3848 466 3862 -
496 3817 530 3880 in
557 3828 640 3896 parte
666 3819 750 3877 tertia
772 3819 894 3878 africam
918 3835 1040 3898 posuere
1065 3847 1081 3860 ·
1100 3815 1199 3877 bonus
1227 3821 1349 3898 pecori,
1370 3816 1470 3878 arbori
1496 3816 1674 3878 infecundus
1693 3851 1709 3864 -
1734 3821 1788 3899 qni

371 3919 447 3998 regis
467 3916 638 4001 hiempsalis
664 3921 762 3983 dicam
783 3926 892 3996 (cetera
919 3921 1036 3999 omissa)
1055 3955 1073 3970 -
1102 3921 1148 3982 18.
1169 3922 1233 4002 quis
1253 3954 1273 3971 -
1297 3943 1357 4004 qua
1381 3942 1442 3983 nox
1458 3931 1610 4005 coegerat,
1630 3921 1710 3983 sedes
1733 3920 1789 3983 ha·

369 4021 482 4082 hebent
505 4025 707 4086 ·mundundi
733 4060 751 4073 -
772 4028 953 4087 commercio
975 4025 1178 4108 prohibebant
1194 4060 1213 4075 ·
1241 4026 1274 4087 hi
1297 4045 1387 4108 persae
1408 4061 1428 4077 -
1449 4036 1627 4110 temptantes
1648 4063 1661 4077 ·
1691 4049 1789 4088 mam·
1844 4049 1847 4054 ·

370 4130 451 4209 palia
465 4162 481 4174 -
493 4127 591 4190 Nemo
603 4167 619 4178 -
631 4133 780 4192 numidae-
799 4151 845 4210 ¹9·
862 4142 890 4193 et
908 4117 998 4192 aliis·
1009 4132 1126 4212 cupidis
1141 4134 1198 4206 (ita
1215 4153 1256 4194 m.
1267 4131 1326 4212 pr.)
1345 4133 1548 4213 primaeuiere
1565 4167 1581 4182 -
1601 4117 1788 4218 cartaginen-

369 4235 407 4294 sis
429 4265 447 4282 ··
471 4239 686 4316 mauretaniam
706 4274 722 4285 -
744 4256 792 4299 aa.
813 4237 960 4300 decessere
985 4273 1001 4284 -
1027 4241 1174 4306 convertit
1190 4269 1205 4284 ·
1229 4236 1333 4298 dolore
1354 4249 1525 4318 permotum
1551 4271 1566 4289 ·
1593 4241 1699 4322 Itaque
1718 4227 1786 4303 ¹non
1854 4246 1856 4252 '

369 4337 414 4393 uti
428 4358 494 4396 cum
512 4340 622 4421 praeda
639 4361 723 4401 secus
736 4342 778 4401 sei
788 4342 847 4408 NB.
868 4364 931 4405 non
943 4343 1021 4407 heus
1037 4341 1157 4424 singula
1169 4340 1257 4404 verba
1270 4341 1414 4424 disposita
1436 4363 1494 4406 esse
1508 4343 1649 4406 ridentur
1656 4385 1668 4417 ,
1688 4365 1786 4427 neque
