4282 5390
1728 435 1889 576 29Ι

371 675 516 757 pontum
532 673 679 752 teneret,
691 668 736 730 ad
753 665 907 731 hostium
924 666 1064 730 classem
1082 665 1371 753 investigandam,
1385 688 1462 752 qua
1481 668 1693 734 Mithridatis
1702 669 1779 750 jus·

371 795 412 842 su
436 773 572 838 Italiam
596 774 750 857 petebat,
778 782 911 858 partem
934 774 973 836 in
990 776 1193 840 Achaeorum
1210 783 1315 858 portu
1334 778 1597 858 deprehensam,
1626 775 1778 857 reliquas

371 883 416 943 ad
431 881 557 942 Samon
572 877 721 941 insulam
739 876 778 940 in
794 886 921 942 terram
936 879 1120 974 subductas
1137 880 1301 944 demersit
1316 881 1371 944 vel
1386 881 1591 966 expugnavit
1608 880 1671 950 cfr.
1683 881 1775 946 Plut.

371 987 453 1049 Luc.
469 983 545 1046 rm*

451 984 584 1172 Quiblrs
609 1085 769 1170 perfectis
780 1132 792 1166 ,
827 1089 871 1148 ad
903 1085 1017 1168 ipsum
1044 1087 1282 1151 Mithridatem
1311 1089 1587 1171 persequendum
1611 1085 1778 1171 perrexit,

372 1192 448 1277 qui,
470 1195 623 1275 quamvis
639 1212 764 1277 magna
779 1199 979 1275 tempestate
1000 1192 1248 1274 deprehensus,
1270 1200 1385 1256 tamen
1403 1193 1441 1256 in
1459 1193 1534 1276 ipsa
1549 1191 1631 1276 fuga
1650 1193 1778 1254 Herac-

368 1297 462 1362 leam
488 1297 670 1362 Ponticam
694 1305 846 1381 ceperat,
867 1295 950 1359 inde
975 1296 1129 1380 Sinopen
1156 1317 1196 1359 ac
1222 1305 1300 1378 post
1321 1317 1446 1382 magna
1472 1317 1550 1360 cum
1575 1294 1780 1360 difficultate

312 1399 314 1404 ’
370 1403 525 1466 Amisum
542 1410 755 1485 pervenerat.
778 1402 837 1476 cfr.
859 1402 956 1464 Oros.
975 1403 1031 1468 VI.
1050 1420 1078 1465 a.
1099 1401 1264 1463 Lucullus
1283 1401 1404 1510 igitur,
1423 1423 1488 1484 per
1503 1401 1703 1486 Bithyniam
1721 1408 1795 1474 aa„

370 1527 440 1588 que
461 1507 630 1569 Galatiam
655 1506 780 1570 itinere
804 1505 912 1590 facto,
934 1507 1047 1589 ipsum
1070 1505 1174 1570 Ponti
1194 1524 1339 1588 regnum
1358 1506 1492 1587 petivit,
1525 1507 1594 1568 Ubi
1612 1503 1690 1568 cum
1712 1523 1775 1589 per

367 1611 515 1693 aliquod
537 1619 670 1695 tempus
690 1610 811 1696 inopia
830 1610 968 1695 frugum
992 1589 1181 1674 laborasset
1202 1609 1383 1694 exereitus,
1402 1617 1521 1691 postea
1542 1629 1675 1672 summa
1699 1629 1784 1674 om-

369 1714 469 1778 nium
488 1736 602 1779 rerum
623 1716 836 1779 abundantia
851 1715 928 1778 fuit.
949 1717 1026 1799 Qua
1045 1735 1083 1778 re
1098 1721 1275 1798 permotus
1292 1722 1327 1778 et
1343 1722 1382 1780 ut
1400 1714 1637 1778 Mithridatem
1653 1734 1672 1779 e
1692 1713 1775 1798 fuga

371 1827 554 1884 retractum
575 1824 619 1884 ad
639 1821 802 1906 proelium
827 1820 1021 1884 ineundum
1043 1819 1282 1903 compelleret,
1308 1819 1438 1882 lentius
1462 1820 1595 1882 bellum
1615 1819 1718 1904 gessit
1738 1825 1773 1881 et

368 1927 453 1988 dum
476 1927 698 1991 Mithridates
715 1945 844 1990 norum
859 1901 957 2010 parat
972 1925 1179 2007 exercitum,
1199 1924 1475 2005 opulentissimas
1492 1925 1596 1987 urbes
1609 1921 1776 2004 Amisum,

366 2030 588 2114 Eupatoriam
610 2033 764 2114 aliasque
789 2035 832 2094 ad
858 2029 1093 2094 voluntariam
1119 2027 1335 2093 deditionem
1360 2029 1529 2113 perlicere
1549 2027 1691 2093 studuit.
1711 2025 1772 2092 cfr,

366 2134 453 2217 App.
472 2137 509 2198 B.
527 2138 577 2202 Μ.
597 2155 625 2198 c.
645 2139 695 2217 78.
717 2137 799 2198 Plut
816 2139 897 2198 Luc.
920 2149 967 2206 alp
987 2137 1032 2194 15.

404 2312 512 2388 Anni
532 2309 830 2387 DCLXXXIII.
856 2311 1033 2388 Conmlet
1056 2313 1101 2386 P.
1127 2313 1320 2389 coneum
1342 2311 1516 2387 denudo
1538 2311 1659 2396 Sum,
1687 2311 1728 2386 C.

894 2433 1070 2530 Aufidius
1096 2433 1250 2506 Orestes.

455 2571 583 2634 Contra
619 2567 814 2654 fugitivos,
847 2569 935 2632 duce
964 2571 1110 2647 Crasso,
1141 2587 1195 2632 res
1226 2567 1317 2632 hene
1351 2574 1445 2651 gesta
1481 2575 1540 2631 est.
1582 2569 1687 2648 Cujus
1721 2571 1774 2636 Ie·

299 2681 307 2690 ‘
359 2680 446 2760 ¹gato
465 2673 633 2737 Mummio
655 2673 819 2737 audacius
842 2676 957 2738 hostes
979 2691 1156 2758 aggresso,
1182 2692 1260 2734 cum
1280 2669 1409 2736 milites
1430 2671 1571 2750 abjectis
1590 2674 1695 2737 armis
1713 2695 1774 2737 au·

280 4378 342 4476 ’ξπ

365 2775 546 2864 fugissent,
566 2780 670 2844 unius
686 2779 839 2844 cohortis
858 2777 1027 2842 decimum
1054 2796 1227 2858 quemque
1245 2785 1337 2840 sorte
1350 2778 1395 2838 ad
1415 2779 1625 2862 supplicium
1643 2781 1772 2844 lectum

366 2902 463 2947 more
476 2884 621 2948 militari
632 2884 805 2948 interiecit
816 2893 851 2947 et
856 2882 1004 2966 priscam
1020 2880 1214 2965 disciplina
1224 2881 1438 2946 severitatem
1447 2883 1772 2966 restituit.⁰⁹)Tum

467 3076 506 3156 ⁰)
527 3077 673 3161 Appian.
690 3079 733 3140 de
753 3078 849 3140 bello
867 3075 1105 3139 Mithridatico
1125 3097 1153 3138 c.
1171 3098 1222 3158 77.
1242 3073 1310 3137 Cic.
1328 3091 1392 3158 pro
1414 3076 1507 3159 Lege
1528 3075 1673 3139 Manilia
1692 3097 1720 3145 c.
1739 3077 1769 3146 8.

366 3179 486 3264 quide
502 3184 571 3244 hoc
586 3181 711 3264 proeiio
725 3181 773 3244 ita
787 3180 939 3242 disserit:
961 3182 1025 3253 ,ab
1042 3183 1163 3242 eodem
1180 3179 1389 3262 imperatore
1403 3180 1544 3244 classem
1558 3187 1720 3266 magnam
1736 3191 1771 3248 et

367 3267 542 3367 ornatam,
556 3303 632 3364 qua
650 3284 796 3346 ducibus
809 3280 1014 3345 Sertorianis
1030 3284 1075 3342 ad
1088 3281 1224 3344 Italiam
1238 3283 1353 3346 studio
1364 3282 1574 3349 inflammata
1584 3297 1771 3372 raperetur,
1828 3351 1841 3359 .,

366 3394 559 3471 superatam
576 3407 646 3451 esse
666 3395 768 3468 atque
783 3389 977 3469 depressam
995 3384 1107 3452 dico.»
1126 3388 1248 3469 Id.pro
1265 3388 1419 3452 Muraena
1427 3385 1462 3451 c.'
1477 3391 1524 3450 rt.
1544 3391 1769 3477 ,Quidillam

366 3511 520 3576 pugnam
542 3490 699 3555 navalem
714 3496 759 3556 ad
772 3495 968 3569 Tenedum,
988 3512 1096 3573 quum
1118 3501 1279 3556 contento
1293 3513 1411 3578 cursu,
1432 3496 1607 3560 acerrimis
1624 3503 1770 3570 ducibus

365 3597 520 3659 hostium
539 3597 656 3660 classis
674 3598 810 3662 Italiam
832 3618 892 3683 spe
912 3607 1015 3678 atque
1040 3598 1166 3661 animis
1191 3599 1309 3662 inflata
1334 3610 1483 3683 peteret,
1503 3601 1671 3666 mediocri
1694 3627 1768 3672 cer-

366 3700 544 3765 tamine·et
565 3719 671 3784 parva
694 3703 918 3770 dimicatione
941 3703 1156 3767 commissam
1175 3704 1389 3772 arbitraris.»
1418 3705 1562 3768 Orosius
1581 3708 1669 3786 Hist
1689 3713 1767 3776 Lib.

365 3806 424 3872 vl.
440 3824 467 3871 a.
488 3808 673 3880 ,Lucullus
691 3815 827 3890 postea,
842 3828 921 3869 cum
933 3811 1054 3873 eodem
1071 3809 1183 3872 Mario
1199 3810 1313 3872 navali
1332 3811 1456 3891 proelio
1475 3831 1691 3899 congressus,
1707 3819 1768 3882 tri-

365 3909 464 3995 ginta
487 3919 521 3974 et
540 3913 624 3973 duas
644 3930 748 3976 naves
768 3912 881 3997 regias
903 3921 938 3976 et
956 3914 1149 3996 complures
1177 3913 1352 3977 onerarias
1375 3923 1435 3977 aut
1452 3918 1614 3980 demersit
1634 3929 1693 3982 aut
1714 3943 1768 3986 ce·

364 4013 430 4097 pit.
452 4011 557 4076 Multi
569 4015 622 4077 ibi
640 4035 681 4079 er
700 4017 771 4100 his,
793 4037 879 4099 quos
899 4018 995 4080 Sulla
1015 4017 1278 4100 proscripserat,
1298 4016 1498 4103 interempti
1522 4029 1611 4087 sunt.
1635 4025 1767 4090 Marius

363 4126 503 4202 postero
522 4119 579 4182 die
599 4122 642 4183 de
661 4122 839 4208 spelunca,
867 4122 929 4186 uhi
948 4123 1094 4207 latebat,
1127 4131 1311 4197 extractus,
1339 4123 1479 4186 meritas
1500 4125 1638 4190 hostilis
1657 4129 1764 4193 animi
1877 4147 1881 4153 ’

363 4242 482 4308 poenas
504 4223 605 4289 luit.»

462 4325 519 4410 ⁰⁹)
541 4326 610 4392 Cir.
629 4329 772 4414 Appiam.
791 4330 946 4394 debello
969 4329 1041 4392 Cir.
1060 4329 1087 4392 1.
1112 4325 1180 4425 ist.
1198 4327 1288 4390 Plut.
1305 4329 1411 4392 Crass.
1433 4347 1481 4393 ro.
