4282 5390
1712 477 1758 568 41

353 658 503 723 eiacum
528 653 680 722 exercitu
709 662 813 733 esset,
844 656 881 719 C.
901 655 1067 723 Manilius
1085 659 1165 748 trib.
1185 658 1297 744 pleb,
1317 659 1429 746 legem
1451 662 1550 748 tulit,
1570 669 1609 726 ut
1630 666 1765 734 bellum

352 762 629 828 Mithridaticum
648 781 710 846 per
729 763 791 829 Cn.
804 759 1007 848 Pompejum
1027 764 1335 830 administraretur.
1356 762 1432 852 Qua
1446 771 1541 832 dere
1556 771 1764 854 gravissime

355 869 593 933 contentiones
603 876 685 932 ortae
692 913 702 948 ,
725 870 821 949 quod
844 869 908 931 alii
927 876 1060 934 tantam
1073 870 1239 954 Pompejo
1257 872 1448 955 potentiam
1464 874 1682 961 invidebant,
1701 879 1766 944 alii

350 974 417 1037 hac
439 975 516 1060 lege
532 972 727 1036 libertatem
740 973 903 1036 imminui
918 977 1160 1055 querebantur.
1189 976 1257 1038 Sed
1279 975 1444 1040 Cicerone
1466 985 1500 1040 et
1518 981 1649 1044 Caesare
1667 982 1766 1061 adju·

353 1078 487 1142 toribus
501 1077 665 1142 Manilius
676 1099 801 1164 magno
811 1079 924 1162 plebis
939 1080 1054 1146 studio
1064 1081 1176 1165 legem
1186 1080 1340 1165 pertulit.
1351 1081 1390 1164 ⁰)
1409 1083 1588 1165 Lucullus,
1604 1088 1764 1169 perhanc

352 1192 517 1268 aestatem,
540 1184 707 1267 quamdiu
718 1185 882 1250 exercitui
895 1193 1053 1270 praerat,
1071 1187 1110 1250 in
1128 1206 1170 1252 eo
1185 1187 1397 1269 acquievisse
1404 1188 1555 1274 videtur,
1575 1200 1615 1256 ut
1624 1191 1765 1272 milites,

351 1401 885 1435 α--ι-ιι--ι--ι--μ-

349 1504 453 1569 maris
471 1514 506 1570 et
515 1507 553 1570 in
566 1507 729 1571 Achaiam
746 1526 954 1592 omnemque
970 1509 1137 1575 Graeciam
1152 1510 1309 1589 navibus,
1322 1511 1429 1575 Italiae
1445 1515 1516 1572 duo
1534 1511 1645 1574 maria
1655 1512 1764 1574 maxi·

347 1610 415 1674 mis
431 1612 594 1676 classibus
614 1614 889 1697 firmissimisque
911 1615 1081 1700 praesidiis
1102 1618 1298 1702 adornavit,
1319 1616 1393 1701 ipse
1420 1625 1535 1680 autem
1556 1624 1633 1680 uta
1653 1619 1765 1678 Brun·
1883 1691 1895 1702 ¹

348 1715 448 1778 dusio
473 1718 646 1800 profectus
662 1728 730 1799 est,
766 1722 1144 1808 undequinquagesimo
1162 1724 1221 1787 die
1244 1730 1352 1788 totam
1370 1725 1414 1784 ad
1433 1721 1620 1806 imperium
1640 1718 1765 1804 populi

346 1820 497 1883 Romani
518 1822 676 1887 Ciliciam
693 1825 866 1903 adjunxit:
888 1830 1090 1910 omnesqui
1109 1829 1241 1910 ubique
1259 1831 1438 1914 praedones
1461 1828 1618 1910 fuerunt,
1637 1825 1765 1909 partim
1877 1899 1881 1908 .

347 1926 439 2008 capti
454 1925 698 2011 interfectique
717 1939 812 2015 sunt,
834 1933 962 2014 partim
982 1934 1086 1997 unius
1110 1934 1213 2012 hujus
1232 1933 1380 2018 imperio
1406 1953 1445 1994 ac
1465 1940 1633 2016 potestate
1651 1949 1687 1994 se
1706 1931 1765 1994 de·

346 2029 522 2096 diderunt.
542 2037 640 2097 Idem
660 2037 888 2115 Cretensibus,
908 2061 1016 2119 quum
1029 2042 1073 2100 ad
1092 2059 1171 2102 eum
1190 2058 1298 2119 usque
1317 2039 1356 2102 in
1374 2035 1618 2121 Pamphyliam
1633 2037 1766 2119 legatos

347 2133 655 2214 deprecatoresque
683 2141 870 2222 misissent,
900 2162 997 2224 spem
1018 2143 1207 2202 deditionis
1229 2161 1303 2194 non
1325 2141 1455 2194 ademit
1474 2139 1681 2212 obsidesque
1698 2137 1766 2195 im·

346 2235 511 2318 paravit.»
536 2239 589 2298 De
609 2241 719 2298 causis
736 2243 824 2314 belli
844 2241 984 2324 piratici
1010 2238 1070 2298 cfr.
1084 2236 1230 2319 Appian.
1251 2235 1444 2298 Mithridat.
1472 2255 1500 2298 c.
1524 2236 1764 2304 nell-XCVI.

346 2338 451 2402 Dion.
476 2341 568 2400 Cass.
591 2340 667 2398 Lib.
685 2340 833 2400 XXXVI.
856 2358 884 2397 c.
908 2342 1002 2397 3-6.
1031 2339 1121 2400 Plut.
1147 2341 1267 2419 Pomp.
1294 2361 1323 2408 c.
1347 2355 1481 2419 24-29.
1516 2339 1586 2407 Cic.
1604 2344 1764 2427 prolege

344 2440 466 2506 Manil.
485 2462 534 2505 rr.
559 2437 958 2514 12.Vellej.Paterc.Il.
990 2437 1040 2496 δι.
1066 2440 1117 2496 32.
1145 2436 1237 2497 Flor.
1254 2438 1315 2498 III.
1339 2439 1367 2499 6.
1391 2441 1486 2502 Oros.
1504 2446 1634 2509 Histor.
1652 2450 1711 2511 Vl.
1734 2462 1763 2522 4.

345 2547 485 2629 Eutrop.
503 2547 561 2610 VI.
579 2560 627 2606 12.
647 2542 769 2605 Strabo
792 2541 830 2606 X.
846 2562 881 2623 p.
895 2551 967 2619 477.
987 2538 1022 2602 b.
1042 2538 1133 2603 Edit.
1149 2541 1257 2602 Paris.
1269 2542 1358 2602 1620.
1377 2562 1412 2623 p.
1428 2543 1498 2622 57²·
1514 2546 1583 2617 664.
1601 2549 1671 2608 663.
1693 2554 1763 2631 669.

345 2650 418 2715 Lir.
438 2650 528 2735 Epit.
550 2650 661 2712 XCIX.
690 2649 778 2722 «Cn.
797 2644 981 2729 Pompejus
998 2643 1076 2728 leg'e
1097 2646 1142 2705 ad
1163 2644 1334 2727 populum
1354 2644 1439 2729 lata,
1458 2650 1618 2731 persequi
1634 2652 1763 2734 piratas

343 2754 471 2838 jussus,
497 2754 561 2834 qui
584 2752 829 2816 commercium
847 2769 994 2814 annonae
1022 2748 1305 2826 intercluserant,
1343 2750 1436 2814 intra
1460 2756 1763 2842 quadragesimum

348 2860 442 2925 diem
456 2867 528 2922 toto
548 2859 636 2921 mari
651 2877 710 2924 eos
730 2856 880 2942 expulit,
901 2858 1067 2939 belloque
1081 2846 1160 2921 cuin
1173 2854 1218 2919 iis
1234 2855 1272 2919 in
1299 2855 1421 2918 Cilicia
1442 2857 1618 2943 confecto,
1643 2882 1762 2947 accep-

347 2965 391 3031 tis
411 2966 450 3030 in
468 2965 679 3029 deditionem
699 2963 822 3048 piratis
842 2982 942 3049 agros
964 2972 998 3028 et
1017 2964 1119 3027 urbes
1141 2960 1247 3028 dedit.
1269 2963 1396 3024 Lucan.
1413 2962 1566 3024 Pharsal.
1583 2966 1627 3026 II.
1648 2967 1719 3046 667.

429 3071 467 3151 ⁰)
488 3070 601 3140 Facile
623 3070 811 3134 credideris
825 3069 1011 3133 Manilium
1031 3090 1103 3133 non
1126 3068 1275 3154 publicae
1294 3065 1415 3131 salutis
1435 3065 1550 3132 studio
1570 3067 1761 3152 impulsum

347 3177 438 3242 hanc
462 3176 580 3240 tulisse
600 3175 827 3260 rogationem.
854 3174 1007 3251 Vellejus
1032 3181 1138 3256 certe,
1158 3175 1202 3236 II.
1218 3179 1268 3236 33.
1293 3194 1372 3238 eum
1390 3191 1529 3255 semper
1547 3177 1704 3238 venalem
1723 3184 1760 3240 et

349 3277 480 3344 alienae
501 3277 711 3342 ministrum
729 3274 908 3360 potentior
931 3276 1025 3342 dicit.
1052 3275 1120 3339 Dio
1140 3276 1273 3340 Cassius
1293 3282 1403 3340 autem
1421 3298 1500 3341 eum
1518 3281 1759 3366 praemiorum,

348 3383 476 3468 quibus
495 3382 664 3445 Gabinius
684 3387 825 3446 ornatus
839 3379 966 3465 fuerat,
986 3399 1045 3464 spe
1062 3401 1240 3445 accensum
1260 3381 1365 3446 fuisse
1378 3382 1513 3461 judicat
1533 3386 1609 3448 Lib.
1626 3387 1760 3452 XXXVI
1841 3395 1845 3400 ’

348 3509 375 3551 c.
396 3491 446 3551 25.
467 3487 650 3551 Accessisse
668 3494 799 3550 metum
809 3495 843 3551 et
859 3486 957 3569 iram,
976 3490 1071 3567 quod
1089 3487 1202 3572 legem
1218 3487 1290 3565 ejus
1307 3490 1350 3552 de
1364 3484 1536 3574 suffragiis
1550 3489 1758 3551 libertorum

346 3591 431 3658 novi
446 3584 602 3657 consules
617 3591 785 3656 Kalendis
804 3571 978 3655 ianuariis
993 3593 1243 3677 abrogaverant
1259 3594 1320 3658 1.1.
1336 3617 1364 3657 c.
1382 3598 1432 3656 26.
1453 3596 1619 3657 Caeterum
1634 3600 1758 3675 praeter
1805 3595 1811 3609 “

347 3697 533 3783 imperium
557 3705 674 3763 contra
700 3693 959 3776 Mithridatem,
990 3698 1157 3763 Manilius
1181 3698 1286 3764 etiam
1312 3698 1473 3762 Ciliciam
1499 3705 1532 3760 et
1556 3695 1757 3781 Bithyniam

346 3785 568 3900 provincias,
579 3821 664 3884 quas
686 3821 727 3867 eo
744 3811 898 3887 tempore
920 3802 1052 3868 Acilius
1069 3804 1214 3868 Glabrio
1235 3810 1269 3867 et
1290 3802 1441 3870 Marcius
1466 3805 1540 3867 Rex
1565 3819 1757 3885 proconsu-

346 3908 398 3974 les
418 3908 719 3992 administrabant,
741 3910 785 3971 ad
802 3908 1005 3993 Pompejum
1025 3908 1159 3972 detulit.
1180 3909 1264 3991 Quae
1281 3909 1375 3972 enim
1393 3909 1596 3971 Plutarchus
1613 3907 1757 3990 provin·

346 4012 477 4078 ciarum
488 4014 630 4076 nomina
643 4013 741 4076 addit
750 4015 927 4100 Phrygia,
940 4015 1138 4100 Lycaoniae,
1152 4013 1311 4095 Galatiae,
1326 4009 1559 4095 Cappadociae,
1574 4012 1755 4098 Armenia,

347 4137 409 4196 eae,
430 4139 509 4181 cum
528 4120 644 4182 autad
659 4118 776 4182 Asiam
785 4120 1001 4204 provinciam
1019 4121 1246 4204 pertinerent,
1266 4108 1325 4180 aut
1345 4117 1501 4180 nondum
1518 4117 1557 4178 in
1567 4117 1753 4199 provinciae

347 4221 492 4287 formam
509 4209 621 4289 es‘se‘nt
638 4229 799 4309 redacte,
818 4225 896 4314 lege
912 4228 1166 4308 comprehense
1187 4219 1291 4290 fuisse
1305 4216 1477 4283 videntur·
1499 4218 1559 4283 cfr·
1575 4222 1643 4285 Cic·
1660 4222 1752 4286 Orat·

349 4347 411 4413 pro
425 4332 516 4416 Lege
534 4329 655 4398 Manu.
