4334 5354
383 466 457 541 526

385 659 445 724 cir.
466 657 593 751 iugens
614 657 742 724 virium
764 653 950 740 animique
975 657 1012 721 h.
1037 662 1067 721 3.
1096 659 1145 720 28.
1179 649 1311 719 dubius
1337 648 1485 720 consilii
1509 662 1538 720 3.
1568 657 1620 720 33.
1653 657 1790 728 annius

384 763 542 843 animis.
559 767 587 828 5.
603 759 737 829 nimius
751 760 868 828 animi
885 765 915 837 l.
932 785 978 844 ¹7·
999 764 1107 828 loetus
1117 758 1279 854 frugum
1299 763 1335 824 h.
1356 781 1387 825 2.
1407 757 1558 828 consilii
1576 785 1675 854 otger
1694 771 1723 840 1.
1740 773 1794 832 32.

386 868 601 937 immodicus
621 865 740 934 animi
758 869 825 932 122.
847 874 898 931 3ο.
919 865 1006 935 belli
1022 865 1140 932 sciens
1164 872 1231 930 228.
1238 867 1421 953 firmatus
1441 866 1562 933 animi
1581 875 1611 939 3.
1636 889 1687 951 24.
1706 893 1797 957 prae-

385 983 478 1040 terea
498 973 752 1064 212211211ο222
768 968 876 1057 pensi
893 973 1069 1038 habereC.
1088 977 1114 1036 5.
1129 979 1179 1037 23.
1195 968 1305 1057 pensi
1323 994 1369 1037 ce
1390 973 1575 1040 moderati
1593 979 1725 1044 holere
1747 999 1796 1045 22.

380 1076 490 1162 pensi
506 1087 568 1143 est.
592 1085 642 1145 52.
665 1077 773 1163 pensi
791 1101 837 1143 uc
856 1078 982 1143 sancti
999 1082 1128 1144 habere
1158 1092 1191 1146 J.
1211 1097 1262 1156 42.
1296 1081 1452 1161 quamvis
1482 1082 1572 1145 enim
1597 1080 1706 1166 pensi
1729 1105 1795 1169 pro

386 1183 541 1270 genitivo
558 1185 664 1271 pretii
684 1187 827 1268 habeas,
849 1187 994 1248 eandem
1015 1195 1128 1249 tamen
1150 1193 1355 1248 structuram
1370 1189 1414 1248 ad
1429 1186 1613 1252 moderati
1624 1195 1660 1252 et
1671 1187 1798 1252 sancti

386 1291 568 1356 transferre
590 1291 693 1374 quam
714 1292 862 1356 maxime
882 1299 932 1354 221
952 1291 1153 1374 insolitum,
1176 1291 1306 1374 quippe
1324 1299 1364 1354 ut
1384 1298 1552 1355 sanetum
1573 1293 1723 1373 haben,
1744 1279 1806 1356 112

388 1396 492 1460 etiam
513 1398 741 1462 moderatum
762 1396 911 1470 habere,
938 1397 1054 1462 dicere
1074 1396 1192 1470 licuit;
1223 1396 1377 1460 diversus
1398 1406 1448 1460 221
1466 1397 1639 1482 genitivus
1660 1398 1698 1460 in
1720 1399 1795 1462 2112-
1890 1423 1893 1432 ’

388 1499 541 1564 tionibus
563 1499 759 1583 quidboni
778 1509 832 1565 est
851 1513 883 1567 J.
901 1503 951 1566 88.
974 1499 1065 1584 quid
1081 1500 1188 1564 uliud
1205 1497 1342 1583 reliqui
1360 1504 1405 1568 H.
1426 1504 1454 1565 1.
1478 1506 1525 1563 15.
1547 1498 1644 1565 nihil
1662 1500 1800 1586 reliqui

388 1605 499 1668 facere
519 1609 556 1668 0.
579 1625 627 1670 22.
641 1609 691 1669 28.
716 1605 805 1689 quid
824 1604 962 1689 reliqui
979 1607 1146 1669 habemus
1164 1623 1213 1670 20.
1240 1607 1303 1668 ubi
1316 1616 1446 1690 aperte,
1463 1610 1558 1688 quod
1572 1608 1795 1691 praedicatum

388 1719 455 1783 221,
476 1731 539 1794 per
560 1712 799 1776 attractionem
819 1713 975 1791 subjecto
996 1712 1192 1795 adpositum
1216 1720 1275 1776 221.
1297 1713 1385 1774 Nam
1406 1711 1509 1774 etiam
1532 1711 1714 1795 reliquum
1724 1709 1795 1802 sa·

390 1836 469 1878 cere
498 1825 532 1879 21
551 1816 683 1881 habere
710 1815 850 1880 dicitur.
876 1817 956 1880 vide
984 1819 1061 1880 Ind.
1082 1819 1202 1879 eadem
1224 1824 1272 1879 est
1292 1820 1378 1878 ratio
1399 1824 1574 1879 structurae
1595 1813 1695 1879 nihil
1712 1819 1795 1879 lan·

387 1917 495 2008 guidi
514 1927 581 1984 cut
602 1917 745 1985 remissi
757 1918 845 2004 pati
864 1933 895 1986 J.
913 1923 959 1984 53.
981 1941 1063 1984 nam
1083 1921 1229 2006 genitivi
1250 1923 1329 1985 loco
1350 1923 1579 1986 accusativum
1599 1922 1680 1986 ride
1700 1919 1795 2005 posi-

390 2033 473 2089 tum.
497 2028 547 2086 88.
577 2026 688 2088 Multa
714 2036 879 2110 praeterea
907 2029 1000 2111 apud
1029 2047 1109 2090 eum
1139 2036 1219 2090 sunt
1246 2029 1403 2110 exempla
1425 2029 1509 2092 Gen.
1531 2029 1693 2114 gerundii
1718 2047 1797 2090 cunr
1842 2057 1849 2066 ·

391 2131 602 2196 substantivo
618 2131 731 2209 juncti
753 2137 796 2195 ad
818 2133 1021 2215 qualitatem
1043 2131 1189 2210 alicujus
1209 2131 1261 2195 rei
1282 2132 1530 2215 explicandam.
1554 2138 1615 2196 etr.
1636 2136 1680 2195 H.
1702 2135 1731 2195 Ι.
1748 2133 1797 2194 25.

391 2237 418 2298 1.
433 2257 480 2315 29.
503 2236 563 2298 cfr.
586 2238 622 2312 C.
639 2241 668 2304 6.
691 2235 832 2326 regium
850 2233 1041 2321 imperium
1063 2236 1318 2303 conservandos
1332 2233 1516 2301 libertatis
1521 2233 1666 2328 suerat.
1685 2245 1718 2300 et
1739 2236 1798 2302 cir.
1898 2293 1903 2298 .

394 2343 526 2404 Gomm.
548 2346 592 2404 221
613 2346 648 2406 12.
670 2343 694 2406 l.
716 2347 834 2425 Neque
855 2343 1102 2426 omittendum,
1124 2340 1385 2424 cumpluribus
1406 2343 1630 2406 substantivis
1649 2341 1797 2404 infiniti-

392 2467 474 2510 vum
494 2468 558 2532 pro
582 2449 742 2512 Geuitivo
763 2449 926 2534 gerundii
941 2447 1055 2533 jungi.
1085 2447 1146 2516 cir.
1170 2450 1205 2509 C.
1228 2469 1276 2526 17.
1308 2442 1419 2509 rivere
1437 2443 1543 2530 eopia
1566 2465 1595 2524 4.
1626 2466 1701 2511 nou
1712 2440 1797 2535 suit

394 2550 586 2616 consilium
609 2561 795 2619 conterere
816 2553 877 2617 212.
894 2555 943 2620 53.
970 2553 1215 2617 venderemus
1236 2557 1287 2617 80.
1308 2563 1345 2616 .1.
1358 2553 1407 2613 82.
1428 2551 1655 2618 necessitudo
1674 2571 1798 2634 perse-

396 2657 461 2738 qui
485 2675 551 2720 2ο2.
573 2666 712 2740 tempus
731 2655 884 2745 adgredi
904 2660 953 2738 89.
976 2657 1036 2723 cfr.
1059 2659 1267 2720 Ramshorn.
1287 2654 1402 2738 §.168
1424 2657 1461 2717 A.
1474 2659 1515 2723 N.
1542 2679 1568 2719 2.
1588 2657 1666 2719 Fuit
1685 2674 1802 2747 nuper

394 2763 456 2844 qui
477 2766 570 2824 hunc
600 2762 662 2832 inf,
689 2761 737 2824 ita
764 2762 1060 2844 interpretaretur,
1090 2768 1130 2818 ut
1157 2757 1264 2833 copia
1293 2767 1348 2820 est
1376 2768 1439 2821 212.
1466 2781 1530 2840 pro
1556 2762 1664 2824 verbo
1693 2781 1722 2822 e.
1744 2781 1796 2843 gr.

393 2864 478 2930 licet
499 2869 629 2930 dictum
650 2886 721 2931 esse
742 2875 913 2948 statueret,
932 2863 1032 2944 quasi
1052 2861 1086 2922 id
1107 2867 1274 2946 ageretur,
1299 2879 1375 2940 quae
1395 2861 1500 2922 verba
1521 2861 1628 2924 alicui
1648 2864 1798 2924 dictioni

392 2971 688 3036 substituerentur.
731 2977 848 3051 Neque
869 2970 949 3032 22112
968 2966 1092 3029 habuit
1113 2966 1188 3048 ipse
1206 2965 1338 3028 insulsa
1359 2965 1480 3048 loqui,
1505 2969 1565 3030 sed
1586 2965 1689 3029 etiam
1709 2967 1798 3030 alios

392 3079 483 3141 idem
499 3079 625 3140 sentire
639 3075 801 3139 mentitus
822 3083 881 3138 est.
900 3073 1038 3137 Scilicet
1060 3071 1254 3135 infinitivus
1274 3071 1465 3149 subjectum
1486 3077 1553 3149 est;
1573 3070 1673 3134 licuit
1694 3072 1821 3148 etiam·

393 3182 546 3268 genitivo
569 3181 730 3266 gerundii
752 3182 815 3265 uti,
835 3182 865 3243 si
887 3180 1074 3242 maximam
1094 3179 1167 3241 vim
1189 3178 1227 3240 in
1249 3173 1358 3260 copia
1378 3184 1496 3240 auctor
1515 3174 1663 3261 positam
1683 3163 1807 3242 vellet(

394 3287 575 3354 212222.
604 3289 664 3350 fin.
696 3292 815 3352 eadem
846 3295 895 3351 est
922 3285 1009 3348 ratio
1038 3286 1077 3347 in
1107 3281 1302 3348 eonsilium
1331 3289 1394 3344 221.
1425 3281 1540 3343 einh.
1561 3282 1587 3340 Ι.
1614 3287 1660 3344 25.
1683 3301 1799 3362 neque

388 3390 476 3478 pati
494 3388 686 3458 consilium
709 3402 772 3458 est.
795 3402 827 3456 et
849 3397 883 3459 h.
907 3395 933 3460 Ι.
962 3413 1008 3472 29.
1040 3390 1173 3454 bellum
1193 3381 1278 3470 pati
1297 3381 1495 3448 eonsilium
1519 3391 1581 3445 est.
1611 3383 1672 3448 cfr.
1692 3397 1724 3450 J.
1746 3387 1796 3448 85.

393 3499 675 3572 enutideseram,
688 3507 824 3564 nonest
838 3493 1043 3563 consilinm.
1057 3490 1192 3560 Dutieo
1202 3490 1325 3572 saepius
1334 3488 1429 3551 locus
1441 3495 1490 3550 est
1499 3490 1591 3571 apud
1599 3490 1796 3567 Salustium,

392 3605 454 3666 ubi
476 3625 515 3668 ex
534 3605 669 3689 vulgari
691 3602 859 3686 loquendi
878 3622 944 3665 usu
965 3599 1144 3664 Genitivus
1164 3595 1218 3657 vel
1239 3593 1328 3655 alius
1349 3609 1445 3656 casus
1464 3603 1537 3658 erat
1557 3595 1724 3659 usitatior.
1745 3599 1797 3658 Ita

392 3710 485 3773 enim
507 3711 632 3774 clarius
652 3709 875 3792 perspicitur,
896 3711 940 3770 ad
961 3723 1064 3787 quam
1083 3719 1265 3785 personam
1285 3699 1405 3762 omnia
1418 3699 1599 3765 referenda
1619 3701 1700 3777 sint,
1722 3702 1799 3765 ani-

393 3834 597 3896 morumque
611 3823 723 3876 motus
735 3812 983 3900 significantius
996 3808 1243 3890 exprimuntur3
1259 3804 1799 3911 9212122111222222222122112,21

392 3919 436 3979 ab
459 3919 602 3982 actionis
617 3918 760 3984 notione
781 3917 914 4001 sejungi
936 3935 1006 3977 non
1020 3913 1145 3997 possit,
1168 3931 1196 3976 e.
1211 3931 1260 3996 gr.
1283 3912 1408 3974 ducem
1429 3907 1514 3993 illis,
1534 3932 1611 3976 non
1632 3909 1796 3975 animum

395 4029 578 4087 mutatum
606 4037 637 4092 J.
658 4040 706 4104 19.
737 4045 809 4105 qua
831 4017 890 4083 illi
910 4021 1097 4081 descensus
1118 4024 1201 4079 erat
1222 4020 1260 4079 C.
1283 4022 1331 4101 57.
1350 4017 1554 4106 Iugurthae
1573 4037 1651 4081 nou
1670 4013 1798 4099 quieta

383 4122 468 4217 suit
485 4147 533 4212 72.
546 4126 618 4193 illis
629 4123 747 4192 amini
756 4129 958 4212 augescunt
973 4123 1022 4186 52.
1043 4121 1138 4186 vobis
1152 4119 1298 4214 animus
1311 4122 1357 4185 ab
1373 4118 1519 4211 ignaria
1533 4127 1730 4204 corruptus
1744 4121 1794 4186 52.

380 4229 541 4316 flamma
564 4230 695 4292 crescit
709 4223 863 4316 egregiis
884 4223 969 4291 viris
989 4227 1027 4292 in
1048 4236 1196 4313 pectore.
1212 4232 1241 4302 l.
1262 4228 1372 4293 exitus
1393 4227 1509 4292 tantis
1529 4223 1636 4291 malis
1648 4241 1698 4300 40.
1721 4219 1797 4289 illis

388 4331 638 4400 'dominationis
657 4329 769 4396 socius
800 4334 835 4396 h.
856 4333 886 4398 5.
908 4351 957 4398 22.
990 4331 1187 4398 certamini
1207 4330 1348 4399 conscii
1372 4333 1440 4398 ine.
1464 4335 1531 4400 268.
1567 4327 1795 4398 commodum
