4526 5326
1609 453 1683 543 509

278 633 459 719 soriplores
470 634 648 719 legantur,
666 627 855 696 videndum
876 649 993 696 annon
1007 631 1111 696 altera
1129 631 1294 717 scriptura
1306 655 1383 698 cum
1402 639 1582 721 geminatis
1599 659 1681 705 con-

277 731 481 804 sonantibus
499 737 644 802 omnino
675 740 862 802 deserenda
886 737 939 805 sit.
980 741 1020 799 In
1043 739 1157 802 verbis
1177 740 1375 824 compositis
1393 744 1581 824 plurimum
1604 756 1680 831 ety-

278 844 439 931 mologiae
467 843 602 919 tribuit3
631 841 670 904 in
697 842 776 905 aliis
796 843 1091 927 pronuntiationi,
1121 863 1197 926 quae
1225 853 1298 906 tum
1331 856 1418 922 erat,
1450 848 1556 914 cessit.
1586 873 1618 912 v.
1649 875 1677 914 o.

277 945 433 1033 inpono,
461 946 701 1032 inportunum
712 991 723 1024 ,
743 945 928 1030 inprimis,
950 946 1145 1032 inlustria,
1175 947 1339 1038 inpiger,
1369 949 1595 1037 inmaturus,
1626 953 1680 1017 in-

277 1075 458 1139 rumpere,
477 1055 674 1136 conplexu,
703 1055 914 1136 conplures,
937 1051 1187 1136 conloquium,
1208 1051 1370 1142 adsticti,
1391 1059 1596 1145 adrogant,
1617 1063 1682 1124 ad-

279 1159 403 1243 lendo,
425 1155 599 1240 adlicere,
621 1153 805 1240 inliceret,
829 1151 1036 1235 inbecillus,
1051 1159 1223 1244 obmitto,
1246 1157 1480 1248 obpugnatio.
1503 1164 1614 1225 Etiam
1625 1159 1678 1226 cli-

279 1259 336 1327 cio
353 1273 387 1327 et
407 1258 596 1346 condicio,
611 1281 689 1344 qum
706 1261 831 1344 passim
850 1263 1029 1346 leguntur,
1051 1268 1095 1326 ad
1120 1265 1367 1349 etymologiam
1383 1265 1594 1330 conformata
1609 1289 1679 1332 esse

277 1367 448 1438 videntur.
471 1370 599 1430 Contra
608 1367 815 1449 scribuntur,
828 1373 865 1429 ut
875 1369 1164 1450 pronunciantur:
1187 1378 1380 1454 temptare,
1400 1380 1586 1456 sumptus,
1600 1395 1681 1435 ene·

278 1472 394 1555 erari,
414 1480 605 1552 secuntur,
627 1468 794 1555 relicum,
815 1492 937 1556 cocus,
957 1470 1104 1558 cotidie,
1125 1475 1181 1536 vel
1195 1474 1356 1560 cottidie,
1370 1483 1555 1559 exuperat,
1576 1475 1682 1540 exili-

279 1596 356 1656 um,
390 1573 603 1658 quicq'uam,
635 1572 875 1658 nequiquam,
905 1585 1116 1658 expectare,
1146 1577 1303 1660 optinet,
1335 1579 1536 1663 extinctor,
1564 1577 1683 1644 extin-

276 1681 432 1768 guendi,
460 1681 627 1762 dextera,
658 1681 868 1763 exequitur,
898 1684 1055 1764 cocleas,
1083 1681 1229 1748 adicere
1245 1681 1332 1766 (Cet.
1351 1685 1415 1766 no.)
1435 1703 1539 1764 quam
1560 1685 1681 1748 lectio·

278 1805 358 1851 nem
374 1805 492 1850 omnes
506 1784 591 1850 boni
607 1787 714 1852 codd.
730 1785 939 1849 confirmant.
957 1789 1000 1848 de
1018 1807 1037 1846 c
1054 1796 1088 1848 et
1103 1788 1267 1870 glitteris
1287 1787 1424 1850 mutatis
1442 1787 1503 1858 cfr.
1520 1788 1680 1852 Schneid.

278 1893 329 1956 De
349 1893 399 1954 El.
423 1895 459 1954 Ι..
487 1894 523 1954 L.
548 1892 576 1954 1.
604 1914 640 1974 p.
662 1894 731 1959 235.
775 1889 883 1948 Multa
908 1907 948 1948 ex
978 1887 1048 1958 his,
1070 1886 1143 1947 imo
1177 1907 1218 1950 ex
1242 1891 1477 1970 superioribus
1496 1895 1681 1973 nonnulle,

278 1999 372 2057 haud
393 1995 499 2056 dubie
512 1995 605 2075 apud
624 1993 738 2074 ipsum
758 1992 958 2053 Ciceronem
975 1990 1185 2052 restituenda
1203 2001 1299 2073 sunt,
1319 1993 1431 2054 sedin
1446 1995 1593 2057 Salustio
1609 2017 1683 2064 rna-

275 2097 352 2178 jore
374 2119 451 2160 cum
474 2116 555 2160 cura
573 2095 818 2169 examinanda,
839 2114 882 2158 ne
906 2093 1009 2156 totius
1031 2091 1198 2155 orationis
1219 2095 1315 2157 color
1335 2105 1495 2158 mutetur.
1516 2097 1682 2162 Praetercu

280 2213 312 2264 et
335 2199 451 2290 anus
473 2209 507 2263 et
529 2201 666 2281 Gneus,
692 2197 796 2260 etium
823 2198 885 2260 ubi
912 2199 1004 2261 notis
1032 2197 1243 2274 scribuntur,
1264 2199 1394 2280 ubique
1412 2203 1453 2262 G.
1471 2211 1503 2266 et
1529 2205 1596 2264 Gn.
1625 2224 1683 2268 ex-

279 2323 394 2388 pressa
416 2311 509 2387 sunt,
530 2313 649 2365 contra
670 2301 909 2385 'Quinctiliani
939 2310 1147 2383 praeceptum
1175 2305 1256 2375 Inst,
1279 2307 1394 2369 Rhett.
1424 2327 1450 2365 t.
1480 2329 1509 2385 7.
1542 2310 1589 2366 28.
1622 2308 1681 2368 cir.

279 2407 436 2472 Schneid.
456 2407 516 2470 1.1.
533 2430 565 2493 p.
583 2410 651 2474 232.
671 2427 745 2487 sqq.
766 2407 810 2469 K.
830 2403 942 2468 littera
963 2424 1034 2468 non
1053 2404 1165 2467 solum
1182 2403 1221 2467 in
1242 2409 1423 2496 Karthag.
1441 2417 1474 2470 et
1497 2412 1579 2473 Kal.
1596 2408 1684 2496 legi-

279 2525 355 2596 tur,
374 2511 554 2578 sedetiam
570 2511 609 2575 in
628 2515 769 2577 Karum
790 2513 868 2594 Jug.
892 2530 940 2576 ιο.
958 2511 993 2570 C.
1013 2510 1116 2572 Paris.
1135 2531 1164 2570 a.
1186 2513 1281 2590 quod
1301 2512 1492 2592 antiquitus
1513 2513 1560 2576 ita
1574 2517 1684 2600 scrip·

280 2631 355 2682 tunt
376 2639 463 2703 esse,
484 2619 577 2682 testis
598 2627 647 2682 est
668 2615 849 2681 Terentius
867 2616 1011 2678 Scaurus
1037 2639 1073 2699 p.
1098 2616 1190 2677 ania.
1211 2616 1444 2700 ap-Schncid.
1465 2617 1488 2680 l.
1507 2621 1531 2680 l.
1554 2642 1589 2703 p.
1612 2627 1681 2700 293.

278 2724 417 2810 Quinct.
436 2727 456 2787 l.
477 2725 501 2790 l.
526 2741 553 2787 t.
571 2745 602 2803 7.
630 2743 677 2784 to.
699 2721 828 2786 Orellii
846 2720 1019 2803 Inscriptt.
1043 2721 1115 2781 [nt.
1135 2717 1174 2782 Τ.
1191 2721 1233 2780 ΙΙ.
1258 2723 1331 2782 Iud.
1351 2739 1376 2782 s.
1395 2743 1427 2783 v.
1467 2723 1508 2783 In
1524 2724 1684 2788 Declina-

281 2829 436 2892 tionibus
455 2837 487 2890 ot
504 2827 648 2911 conjug.
670 2825 809 2888 nonita
831 2825 938 2887 multa
957 2833 1102 2887 mutasse
1124 2824 1262 2888 videtur
1277 2825 1453 2888 Salustius.
1494 2829 1580 2890 Nam
1598 2832 1682 2893 Gen.

278 2933 368 3019 sing.
386 2934 424 2995 in
445 2953 486 2995 aa
505 2931 640 2994 Declin.
666 2952 693 2991 ι.
713 2928 800 2990 falso
819 2929 853 2988 ei
873 2931 1040 3007 Asperum
1061 2926 1220 2988 tribuisse
1240 2945 1343 3007 supra
1361 2926 1541 2990 docuimus
1559 2952 1594 3012 p.
1614 2953 1682 3010 105.

185 3067 189 3074 ¹
280 3037 353 3099 imo
373 3055 415 3097 ne
428 3029 604 3118 familias
619 3031 761 3109 quidem
780 3029 905 3091 dixisse
922 3027 1076 3109 videtur,
1095 3031 1190 3108 quod
1209 3030 1278 3090 Cat.
1295 3033 1347 3104 48.
1355 3028 1438 3115 filii
1443 3026 1682 3119 familiarum

282 3138 434 3221 scripsit,
457 3155 533 3214 quae
554 3131 685 3201 forma,
706 3129 848 3191 Sisenna
858 3130 986 3212 judice,
1011 3131 1054 3191 ab
1073 3130 1116 3191 iis
1127 3131 1210 3194 solis
1228 3143 1299 3196 erat
1318 3139 1525 3218 usurpanda,
1542 3139 1606 3218 qui
1614 3137 1684 3228 fa-

185 3235 189 3248 ’
284 3241 395 3307 miliae
416 3259 509 3302 num.
540 3239 628 3322 sing.
656 3234 830 3308 dixemut3
850 3243 1013 3315 praeterea
1033 3239 1184 3296 notanda
1209 3257 1353 3320 vespera
1373 3243 1416 3302 H.
1439 3259 1468 3304 u.
1492 3259 1541 3306 uo.
1573 3247 1683 3308 nomi·

284 3331 393 3413 nativi
407 3346 518 3410 forma
536 3361 658 3427 parum
678 3338 792 3403 solita:
809 3337 1016 3417 obsequela;
1032 3336 1166 3402 insidia
1181 3361 1274 3403 num.
1294 3343 1380 3430 sing.
1396 3348 1535 3429 18827.
1550 3323 1684 3432 prosa.

190 3435 195 3446 *
281 3453 347 3539 pia
373 3455 404 3516 J.
425 3454 475 3515 85.
502 3467 601 3514 voces
622 3444 790 3510 Plautinae
816 3445 873 3507 vel
904 3441 1100 3506 Catonianae
1129 3447 1171 3504 In
1192 3445 1287 3512 Deci.
1305 3449 1519 3514 lideformce
1536 3454 1683 3535 genitivi

287 3559 302 3622 i
312 3577 376 3643 pro
392 3553 421 3620 ii
434 3561 507 3618 brec
517 3553 671 3636 exempla
685 3549 817 3612 notari:
838 3544 994 3623 Manili,
1014 3545 1137 3629 Mari,
1159 3549 1326 3633 Memmi,
1352 3552 1546 3636 Volturci,
1569 3553 1684 3631 Fulvi,

208 3713 212 3721 ,
286 3661 395 3728 Persi
414 3661 487 3742 (sed
510 3661 552 3722 de
573 3660 639 3720 hoo
658 3679 691 3718 v.
710 3654 814 3735 intra)
833 3649 1002 3735 Pompei,
1024 3649 1155 3734 cerari,
1177 3651 1323 3734 consili3
1350 3657 1476 3736 quibus
1499 3661 1686 3726 admodum

286 3765 469 3852 probabile
495 3763 551 3846 fit,
578 3765 670 3823 hunc
691 3760 881 3846 genitivum
903 3758 1032 3839 ubique
1063 3777 1133 3820 uuo
1165 3758 1182 3821 i
1208 3777 1278 3823 esse
1306 3761 1535 3825 scribentium.
1575 3765 1686 3848 Quam

289 3865 519 3949 'conjecturam
548 3867 686 3929 firment
711 3864 967 3929 terminationes
996 3860 1067 3946 dis,
1089 3860 1139 3943 is,
1162 3862 1289 3948 isdem,
1317 3886 1380 3949 pro
1412 3865 1499 3950 diis,
1522 3863 1584 3945 iis,
1606 3864 1684 3930 ia'sd.

289 3997 366 4060 quae
385 3975 508 4059 saepius
524 3981 714 4036 occurrunt.
734 3993 811 4056 gen.
833 3963 924 4054 plur.
952 3969 1062 4032 duum
1082 3971 1114 4031 J.
1133 3972 1184 4030 50.
1204 3971 1292 4033 adde
1314 3968 1457 4033 nomina
1472 3992 1550 4034 cum
1567 3973 1687 4036 termi-

290 4081 431 4146 natione
462 4099 584 4164 parum
614 4076 756 4140 usitata:
787 4085 1066 4164 cognomentum
1087 4076 1138 4157 ΙΗ.
1168 4093 1199 4152 4.
1239 4097 1266 4138 ι.
1287 4071 1558 4140 delinimentum
1584 4098 1611 4139 1.
1640 4081 1686 4138 15.

293 4189 563 4251 turbamentanz
582 4183 630 4244 ib.
650 4183 1005 4245 dehonestamentum
1026 4181 1074 4243 ib.
1093 4191 1124 4244 et
1144 4181 1211 4244 inc.
1228 4184 1276 4245 65.
1299 4182 1569 4246 hortamentum
1588 4185 1619 4244 J.
1637 4185 1685 4259 98.

292 4301 324 4354 et
346 4307 453 4376 genus
475 4292 513 4354 in
531 4289 657 4375 vulgus
678 4294 712 4350 et
721 4281 855 4373 sorum
881 4297 1060 4350 mutatum.
1083 4285 1142 4349 cir.
1165 4289 1196 4350 J.
1217 4288 1266 4366 69.
1295 4289 1343 4366 73.
1364 4287 1406 4348 H.
1428 4290 1453 4354 I.
1480 4291 1529 4348 52.
1553 4287 1611 4346 ΙΙΙ.
1636 4301 1684 4342 ar.
