4230 5348
1658 455 1733 542 117'

247 635 256 655 ‘
330 637 417 715 togae
436 633 534 714 parte
553 623 598 690 ad
624 625 809 711 cervicem,
828 644 905 709 quae
923 646 1047 714 nempe
1068 627 1107 694 in
1122 627 1298 694 sinistrum
1317 630 1517 717 humerum,
1538 633 1656 699 dextro
1674 657 1730 702 ex-

329 744 439 819 serto,
470 733 709 817 rejiciebatur,
739 732 875 818 operire
899 733 1067 797 solebant.
1089 735 1178 801 Plut.
1199 736 1322 856 Quaest.
1342 738 1442 799 Rom.
1462 759 1490 800 c.
1509 757 1555 800 ro.
1580 741 1733 806 Romani

329 841 360 904 si
379 841 436 904 cui
459 841 555 903 obvii
574 841 652 902 tacti
676 845 788 921 sunt,
802 837 859 902 cui
884 838 997 902 honos
1022 839 1202 904 habendus
1227 817 1290 910 noir
1307 824 1453 928 τύχωσιν
1472 835 1531 912 ἐπὶ
1551 840 1606 927 τῆς
1623 851 1739 942 rervm*

329 943 390 1030 λης
414 923 543 1033 ἔχοντες
571 928 716 1042 ἱμάτιον,
737 925 1047 1014 ἀποκαλύπτονται.
1075 960 1213 1022 Monuit
1238 961 1282 1023 de
1303 959 1359 1030 his
1381 968 1416 1026 et
1433 960 1607 1026 similibus
1626 964 1734 1028 mori-

328 1065 394 1129 bus
409 1067 501 1148 Lips.
523 1068 549 1127 I.
571 1065 674 1130 Elect.
697 1088 723 1127 c.
742 1085 790 1144 19.
811 1063 874 1127 ubi
892 1063 995 1127 simul
1016 1052 1189 1148 observat,
1209 1063 1381 1150 pertinere
1402 1066 1476 1130 haec
1494 1065 1634 1131 Salustii
1653 1087 1731 1132 ver-

328 1170 374 1234 ba
390 1173 435 1234 ad·
459 1173 632 1255 quandam
652 1173 843 1236 orationem
864 1168 1041 1254 Pompcji,
1060 1190 1164 1251 quem
1182 1171 1278 1234 Sulla
1292 1169 1340 1235 it'a
1353 1170 1606 1243 honoraverit.»
1620 1173 1714 1260 Cort.

908 1367 909 1372 ι
914 1355 1149 1376 m

520 1595 838 1660 FRAGMENTA
867 1595 1214 1660 INGERTORUM
1247 1595 1540 1694 LIBRQRUM.

408 1779 487 1819 -1·-·
506 1759 565 1825 Ne
588 1756 817 1824 inrumiendi.
845 1762 1020 1842 quomodo
1052 1762 1146 1824 hunc
1174 1758 1291 1822 locum
1320 1760 1361 1824 V.
1385 1759 1428 1820 D.
1456 1757 1737 1842 emendaverint,

327 1857 407 1923 ride
427 1883 480 1945 ap.
500 1865 585 1926 Fest.
606 1865 696 1928 Edit.
716 1865 878 1927 Dacicrii.
897 1863 1031 1928 rettulit
1054 1866 1122 1926 hoc
1141 1864 1246 1926 Debr.
1266 1865 1310 1924 ad
1325 1870 1467 1944 pontem
1479 1864 1666 1926 sublicium
1688 1882 1733 1926 eo

326 1971 481 2048 tempore
498 1969 703 2031 restitutum.
725 1968 784 2032 cfr.
799 1988 901 2051 supra
919 1989 952 2050 p.
968 1988 997 2046 9.
1017 1966 1056 2029 in
1070 1965 1250 2029 nonnullis
1268 1964 1359 2030 Festi
1378 1967 1630 2048 exemplaribus
1649 1974 1732 2030 nota

326 2067 389 2130 lib.
407 2072 464 2131 IV.
478 2071 534 2132 rel
554 2074 594 2137 V.
621 2073 780 2156 additur,
808 2077 867 2135 scd
892 2081 982 2134 totns
1005 2073 1103 2134 locus
1123 2077 1303 2150 corruptus
1323 2076 1382 2129 est.
1402 2085 1479 2128 -ι.-
1500 2069 1618 2154 Cujus
1638 2071 1732 2130 duas
1851 2115 1855 2118 -

325 2164 468 2232 insulas
485 2171 732 2257 intelliguntur
752 2174 874 2236 insulae
901 2173 1161 2252 fortunatae,dc
1181 2169 1308 2250 quibus
1332 2168 1540 2231 cinicino.
1565 2171 1633 2238 135.
1658 2175 1731 2234 213.

326 2289 405 2352 ²¹43
426 2275 515 2338 Plin.
537 2278 565 2337 6.
585 2280 640 2351 323
660 2276 796 2340 Mela3.
817 2297 871 2354 103
874 2277 982 2338 ·P1ut.
999 2276 1125 2338 sertor.
1148 2276 1175 2336 8.
1216 2265 1254 2343 ni
1291 2257 1344 2343 irio
1379 2257 1442 2371 μεί
1481 2275 1563 2350 εἰσ-ι,
1612 2273 1731 2374 λεπτῷ

325 2372 533 2458 notarim
561 2414 607 2457 aro
608 2379 714 2483 pappa
742 2373 979 2518 improperet,
1007 2380 1246 2480 paupt'cucel’³
1221 2369 1420 2472 ιιπέχιυιιιι
1439 2370 1561 2470 Λιβῦης
1579 2349 1741 2468 saltur.

324 2522 384 2568 ιιιιι
411 2484 619 2596 ὀνομάζοι-ται
645 2481 822 2592 Μαιιαίρωι.
852 2507 929 2568 haec
949 2524 990 2568 cx
1001 2504 1098 2567 libro
1114 2503 1229 2585 primo
1251 2511 1418 2586 excerpta.
1436 2503 1529 2568 sitas
1543 2527 1608 2590 pro
1629 2502 1733 2588 satis,

324 2637 439 2698 quae
415 2617 649 2682 Carrionisest
664 2616 878 2699 emendatio,
899 2614 1262 2680 citranecessitatema
1277 2623 1557 2698 mereceptacst.
1575 2623 1651 2680 -.-3
1670 2620 1732 2682 Se·

324 2742 406 2782 rum
430 2721 561 2784 bellum
592 2718 630 2784 in
652 2717 835 2808 angustiis
842 2717 1033 2809 futurum,
1052 2738 1171 2782 serum
1186 2718 1402 2802 grammatici
1420 2739 1532 2806 graue
1549 2721 1732 2804 explicant,

324 2827 384 2887 sed
394 2824 510 2906 potius
521 2820 678 2915 frustra
697 2834 755 2889 cst.
777 2825 837 2888 cfr.
851 2825 1047 2908 Philargyr.
1066 2826 1111 2883 ad
1129 2825 1252 2907 Georg.
1270 2839 1299 2898 4.
1315 2837 1395 2899 1443·
1412 2824 1503 2884 Serv.
1519 2827 1565 2884 ad·
1575 2827 1658 2888 Aen.
1680 2843 1729 2884 ιι.
1816 2855 1817 2858 ¹

326 2931 394 3003 864.
423 2932 543 2992 eadm
564 2930 663 2993 notio
699 2931 737 2990 in
763 2929 948 2990 notissimo·
969 2924 1155 3010 pro‘verbio
1183 2935 1248 2988 est:
1275 2945 1357 2988 sero
1381 2923 1532 3009 sopiunt
1552 2927 1730 3015 Phryges.

323 3048 405 3108 -4.-
424 3030 494 3096 Illi
522 3030 637 3094 tertio
664 3052 792 3093 mense.
813 3051 935 3113 parum
961 3013 1051 3093 recte
1080 3030 1183 3106 hujus
1212 3028 1296 3094 libri
1319 3049 1502 3094 numerum
1533 3031 1665 3095 notavit
1692 3033 1731 3094 C.

323 3139 474 3217 Fronto,
496 3155 578 3198 nam
601 3138 694 3197 baud
717 3135 822 3196 dubie
841 3139 886 3195 ad
911 3135 1051 3202 tertium
1070 3135 1200 3196 librum
1219 3134 1388 3216 pertinet,
1416 3136 1479 3197 ubi
1502 3137 1641 3198 Luculli
1661 3137 1734 3200 iter·

288 3269 290 3273 v
322 3240 362 3301 in
383 3242 532 3302 Pontum
550 3238 755 3329 descriptum
775 3243 856 3298 erat.
879 3236 968 3300 Plut.
985 3228 1069 3296 Luc.
1084 3251 1129 3309 ιι.
1151 3239 1227 3295 -6.·
1247 3235 1444 3327 Pompejus
1465 3236 1542 3303 oris
1563 3238 1732 3326 improbi,

322 3339 447 3407 animo
468 3339 719 3405 inverecundo.
739 3359 857 3422 parum
879 3341 952 3403 baec
966 3339 1184 3401 consentiunt
1197 3358 1275 3400 cum
1291 3341 1507 3422 reliquorum
1523 3346 1743 3426 scriptorum,

322 3447 548 3529 testimoniis,
569 3445 631 3526 qui
663 3464 701 3507 os
728 3446 877 3527 probum
904 3440 1251 3526 Pompcjilaudibus
1282 3445 1464 3507 celebrant.
1486 3445 1546 3506 cfr.
1571 3445 1660 3510 Ptin.
1683 3438 1751 3508 Η.Ι

321 3555 361 3615 N.
373 3573 401 3632 7.
416 3570 462 3615 ιι.
475 3560 507 3615 et
522 3555 570 3630 37.
592 3573 621 3612 ι.
643 3557 675 3612 et
695 3551 823 3612 Seneca
844 3556 902 3632 Ep.
921 3549 988 3610 Xlz·
1003 3546 1095 3609 nihil
1118 3555 1190 3608 crat
1209 3546 1350 3610 mollius
1366 3567 1425 3609 ore
1443 3547 1615 3628 Pompeji,
1637 3568 1727 3609 nun-

322 3676 425 3737 quam
445 3677 518 3720 non
533 3675 646 3720 eoram
660 3654 818 3737 pluribus
833 3653 990 3718 crubuit:
1014 3652 1133 3732 utique
1145 3651 1183 3712 in
1196 3650 1421 3713 concionibus
1438 3648 1498 3711 cfr.
1519 3650 1667 3735 interpp.
1681 3656 1727 3714 aul·

321 3762 456 3824 Sueton.
478 3765 521 3824 d'e
541 3761 642 3836 claris
666 3753 815 3826 Gramm.
832 3781 860 3823 c.
878 3780 925 3820 ιο.
946 3757 1084 3820 Salmas.
1107 3760 1152 3820 ad
1168 3756 1337 3840 Spartian.
1357 3745 1496 3821 Pescen.
1517 3754 1611 3840 Nigr.
1624 3777 1652 3828 c,
1667 3758 1728 3821 VI.

323 3872 414 3927 recte
434 3864 539 3927 etiam
559 3863 855 3940 animadvertunt,
878 3863 951 3926 illis
973 3865 1204 3925 verecundum
1227 3881 1266 3924 os
1289 3859 1421 3944 tribui,
1436 3859 1564 3942 quibus
1593 3861 1729 3924 rubeat..

323 3967 383 4031 cfr.
396 3969 486 4036 Plin.
495 3971 578 4052 Epp.
594 3991 620 4029 ι.
638 3983 692 4044 re:
705 3977 777 4042 «est
786 3966 841 4030 illi
855 3966 958 4030 iacies
974 3966 1143 4050 liberalis,
1159 3966 1269 4029 multo
1283 3964 1461 4050 sanguine,
1474 3958 1580 4026 multo
1598 3965 1726 4030 rubore

324 4063 491 4136 suffusus²>
510 4072 597 4136 hinc·
615 4075 827 4136 verecundus
856 4072 951 4135 color
976 4074 1068 4155 apud
1093 4071 1287 4134 Horatium.
1308 4072 1421 4154 Quam
1438 4069 1493 4138 'ob
1514 4089 1587 4131 rem
1611 4070 1729 4133 Douza.

324 4169 533 4243 emendarit:
563 4173 640 4242 oris
660 4175 786 4260 probi,
823 4174 947 4240 animo
982 4173 1221 4256 inverecundo
1251 4175 1332 4238 satis
1362 4182 1468 4237 acute.
1502 4181 1598 4237 recte.
1630 4174 1727 4238 eninr

323 4282 581 4366 animadvertit,
600 4283 658 4347 vix
678 4282 755 4348 fieri·
769 4280 938 4366 potuisse,
955 4287 994 4344 ut
1019 4279 1185 4346 Salustius
1208 4287 1329 4347 contra
1344 4298 1561 4344 communem
1580 4278 1730 4362 scripto.-
