<?xml version="1.0" encoding="UTF-8"?>
<!DOCTYPE html PUBLIC "-//W3C//DTD XHTML 1.0 Transitional//EN"
    "http://www.w3.org/TR/xhtml1/DTD/xhtml1-transitional.dtd">
<html xmlns="http://www.w3.org/1999/xhtml" xml:lang="en" lang="en">
 <head>
  <title>
</title>
<meta http-equiv="Content-Type" content="text/html;charset=utf-8" />
  <meta name='ocr-system' content='tesseract 3.04.00' />
  <meta name='ocr-capabilities' content='ocr_page ocr_carea ocr_par ocr_line ocrx_word'/>
</head>
<body>
  <div class='ocr_page' id='page_1' title='image "./ccrispisalustii01sallgoog_0106.png"; bbox 0 0 4230 5348; ppageno 0'>
   <div class='ocr_carea' id='block_1_1' title="bbox 390 507 441 602">
    <p class='ocr_par' dir='ltr' id='par_1_1' title="bbox 390 507 441 602">
     <span class='ocr_line' id='line_1_1' title="bbox 390 507 441 602; baseline 0 -23"><span class='ocrx_word' id='word_1_1' title='bbox 390 507 441 602; x_wconf 87' lang='lat'>96</span> 
     </span>
    </p>
   </div>
   <div class='ocr_carea' id='block_1_2' title="bbox 382 684 1871 1417">
    <p class='ocr_par' dir='ltr' id='par_1_2' title="bbox 382 684 1871 1417">
     <span class='ocr_line' id='line_1_2' title="bbox 387 684 1798 782; baseline -0.004 -17"><span class='ocrx_word' id='word_1_2' title='bbox 387 701 495 782; x_wconf 79' lang='lat' dir='ltr'>liber3</span> <span class='ocrx_word' id='word_1_3' title='bbox 528 703 562 765; x_wconf 87' lang='lat' dir='ltr'>et</span> <span class='ocrx_word' id='word_1_4' title='bbox 597 699 652 765; x_wconf 67' lang='lat' dir='ltr'>ita*</span> <span class='ocrx_word' id='word_1_5' title='bbox 669 699 800 782; x_wconf 81' lang='lat' dir='ltr'>ubique</span> <span class='ocrx_word' id='word_1_6' title='bbox 835 692 1057 761; x_wconf 83' lang='lat' dir='ltr'>scribendum</span> <span class='ocrx_word' id='word_1_7' title='bbox 1076 693 1137 759; x_wconf 80' lang='lat' dir='ltr'>est.</span> <span class='ocrx_word' id='word_1_8' title='bbox 1175 684 1338 757; x_wconf 75' lang='lat' dir='ltr'>animum</span> <span class='ocrx_word' id='word_1_9' title='bbox 1370 688 1572 754; x_wconf 75' lang='lat' dir='ltr'><em>advortere.</em></span> <span class='ocrx_word' id='word_1_10' title='bbox 1598 691 1674 756; x_wconf 87' lang='lat' dir='ltr'>Vat.</span> <span class='ocrx_word' id='word_1_11' title='bbox 1713 717 1738 756; x_wconf 91' lang='lat'>1.</span> <span class='ocrx_word' id='word_1_12' title='bbox 1769 711 1798 759; x_wconf 84' lang='lat' dir='ltr'>a.</span> 
     </span>
     <span class='ocr_line' id='line_1_3' title="bbox 389 795 1800 880; baseline -0.005 -10"><span class='ocrx_word' id='word_1_13' title='bbox 389 807 493 870; x_wconf 83' lang='lat' dir='ltr'>Fabri</span> <span class='ocrx_word' id='word_1_14' title='bbox 513 806 730 870; x_wconf 83' lang='lat' dir='ltr'>elBriconeti</span> <span class='ocrx_word' id='word_1_15' title='bbox 746 803 832 866; x_wconf 84' lang='lat' dir='ltr'>libri</span> <span class='ocrx_word' id='word_1_16' title='bbox 850 811 884 866; x_wconf 86' lang='lat' dir='ltr'>et</span> <span class='ocrx_word' id='word_1_17' title='bbox 900 805 1039 869; x_wconf 73' lang='lat' dir='ltr'>Venetae</span> <span class='ocrx_word' id='word_1_18' title='bbox 1055 799 1158 864; x_wconf 85' lang='lat' dir='ltr'>Editt.</span> <span class='ocrx_word' id='word_1_19' title='bbox 1179 800 1275 880; x_wconf 88' lang='lat' dir='ltr'><strong>qnod</strong></span> <span class='ocrx_word' id='word_1_20' title='bbox 1288 795 1556 875; x_wconf 69' lang='lat' dir='ltr'>restituendum</span> <span class='ocrx_word' id='word_1_21' title='bbox 1577 801 1638 860; x_wconf 91' lang='lat' dir='ltr'>sed</span> <span class='ocrx_word' id='word_1_22' title='bbox 1650 797 1800 863; x_wconf 88' lang='lat' dir='ltr'>ridicula</span> 
     </span>
     <span class='ocr_line' id='line_1_4' title="bbox 388 902 1800 994; baseline -0.004 -19"><span class='ocrx_word' id='word_1_23' title='bbox 388 910 500 975; x_wconf 86' lang='lat' dir='ltr'>Gortii</span> <span class='ocrx_word' id='word_1_24' title='bbox 518 909 774 994; x_wconf 72' lang='lat' dir='ltr'>interpretatio:</span> <span class='ocrx_word' id='word_1_25' title='bbox 794 929 939 993; x_wconf 54' lang='lat' dir='ltr'>«nempe</span> <span class='ocrx_word' id='word_1_26' title='bbox 961 907 1117 972; x_wconf 84' lang='lat' dir='ltr'>conditio</span> <span class='ocrx_word' id='word_1_27' title='bbox 1131 912 1191 988; x_wconf 88' lang='lat' dir='ltr'>est,</span> <span class='ocrx_word' id='word_1_28' title='bbox 1208 911 1248 967; x_wconf 87' lang='lat' dir='ltr'>ut</span> <span class='ocrx_word' id='word_1_29' title='bbox 1266 902 1366 988; x_wconf 87' lang='lat' dir='ltr'>copia</span> <span class='ocrx_word' id='word_1_30' title='bbox 1381 902 1517 986; x_wconf 83' lang='lat' dir='ltr'>vivere,</span> <span class='ocrx_word' id='word_1_31' title='bbox 1539 903 1725 966; x_wconf 90' lang='lat' dir='ltr'>eonsilium</span> <span class='ocrx_word' id='word_1_32' title='bbox 1745 923 1800 970; x_wconf 85' lang='lat' dir='ltr'>re-</span> 
     </span>
     <span class='ocr_line' id='line_1_5' title="bbox 385 1007 1799 1097; baseline -0.004 -19"><span class='ocrx_word' id='word_1_33' title='bbox 385 1017 578 1097; x_wconf 51' lang='lat' dir='ltr'>linquere.»</span> <span class='ocrx_word' id='word_1_34' title='bbox 611 1017 801 1079; x_wconf 79' lang='lat' dir='ltr'><em>advortere</em></span> <span class='ocrx_word' id='word_1_35' title='bbox 840 1015 936 1078; x_wconf 92' lang='lat' dir='ltr'>enim</span> <span class='ocrx_word' id='word_1_36' title='bbox 964 1016 1060 1078; x_wconf 87' lang='lat' dir='ltr'>haud</span> <span class='ocrx_word' id='word_1_37' title='bbox 1093 1010 1200 1074; x_wconf 87' lang='lat' dir='ltr'>dubie</span> <span class='ocrx_word' id='word_1_38' title='bbox 1226 1015 1257 1072; x_wconf 80' lang='lat'>3.</span> <span class='ocrx_word' id='word_1_39' title='bbox 1286 1027 1423 1093; x_wconf 89' lang='lat' dir='ltr'>person.</span> <span class='ocrx_word' id='word_1_40' title='bbox 1444 1009 1539 1092; x_wconf 91' lang='lat' dir='ltr'>plur.</span> <span class='ocrx_word' id='word_1_41' title='bbox 1562 1007 1708 1092; x_wconf 81' lang='lat' dir='ltr'>perfecti</span> <span class='ocrx_word' id='word_1_42' title='bbox 1732 1017 1799 1094; x_wconf 86' lang='lat' dir='ltr'>est,</span> 
     </span>
     <span class='ocr_line' id='line_1_6' title="bbox 388 1109 1871 1206; baseline -0.005 -22"><span class='ocrx_word' id='word_1_43' title='bbox 388 1122 484 1184; x_wconf 85' lang='lat' dir='ltr'>etad</span> <span class='ocrx_word' id='word_1_44' title='bbox 503 1119 641 1183; x_wconf 90' lang='lat' dir='ltr'>nobiles</span> <span class='ocrx_word' id='word_1_45' title='bbox 661 1120 733 1184; x_wconf 83' lang='lat' dir='ltr'>sive</span> <span class='ocrx_word' id='word_1_46' title='bbox 755 1119 937 1206; x_wconf 78' lang='lat' dir='ltr'>optimates</span> <span class='ocrx_word' id='word_1_47' title='bbox 956 1118 1122 1203; x_wconf 79' lang='lat' dir='ltr'>pertinet3</span> <span class='ocrx_word' id='word_1_48' title='bbox 1144 1115 1206 1197; x_wconf 85' lang='lat' dir='ltr'>qui</span> <span class='ocrx_word' id='word_1_49' title='bbox 1228 1116 1381 1179; x_wconf 89' lang='lat' dir='ltr'>motibus</span> <span class='ocrx_word' id='word_1_50' title='bbox 1404 1114 1631 1198; x_wconf 88' lang='lat' dir='ltr'>popularibus</span> <span class='ocrx_word' id='word_1_51' title='bbox 1649 1109 1798 1196; x_wconf 82' lang='lat' dir='ltr'>excitati,</span> <span class='ocrx_word' id='word_1_52' title='bbox 1861 1149 1871 1164; x_wconf 77' lang='lat'>.</span> 
     </span>
     <span class='ocr_line' id='line_1_7' title="bbox 382 1208 1800 1310; baseline -0.003 -23"><span class='ocrx_word' id='word_1_53' title='bbox 382 1225 458 1304; x_wconf 87' lang='lat' dir='ltr'>jam</span> <span class='ocrx_word' id='word_1_54' title='bbox 469 1229 513 1287; x_wconf 92' lang='lat' dir='ltr'>ad</span> <span class='ocrx_word' id='word_1_55' title='bbox 532 1225 651 1290; x_wconf 90' lang='lat' dir='ltr'>omnia</span> <span class='ocrx_word' id='word_1_56' title='bbox 663 1225 787 1310; x_wconf 92' lang='lat' dir='ltr'>populi</span> <span class='ocrx_word' id='word_1_57' title='bbox 807 1227 923 1289; x_wconf 90' lang='lat' dir='ltr'>studia</span> <span class='ocrx_word' id='word_1_58' title='bbox 941 1223 1069 1290; x_wconf 85' lang='lat' dir='ltr'>intenti</span> <span class='ocrx_word' id='word_1_59' title='bbox 1087 1231 1177 1285; x_wconf 86' lang='lat' dir='ltr'>sunt.</span> <span class='ocrx_word' id='word_1_60' title='bbox 1204 1208 1314 1308; x_wconf 79' lang='lat' dir='ltr'>igitur</span> <span class='ocrx_word' id='word_1_61' title='bbox 1334 1217 1499 1286; x_wconf 84' lang='lat' dir='ltr'>animum</span> <span class='ocrx_word' id='word_1_62' title='bbox 1517 1221 1708 1283; x_wconf 77' lang='lat' dir='ltr'>advortere</span> <span class='ocrx_word' id='word_1_63' title='bbox 1731 1222 1800 1283; x_wconf 87' lang='lat' dir='ltr'>hoc</span> 
     </span>
     <span class='ocr_line' id='line_1_8' title="bbox 386 1310 1822 1417; baseline -0.005 -25"><span class='ocrx_word' id='word_1_64' title='bbox 386 1331 467 1396; x_wconf 90' lang='lat' dir='ltr'>loco</span> <span class='ocrx_word' id='word_1_65' title='bbox 488 1330 657 1416; x_wconf 86' lang='lat' dir='ltr'>primaria</span> <span class='ocrx_word' id='word_1_66' title='bbox 676 1331 930 1417; x_wconf 82' lang='lat' dir='ltr'>significatione</span> <span class='ocrx_word' id='word_1_67' title='bbox 951 1330 1125 1415; x_wconf 83' lang='lat' dir='ltr'>positum,</span> <span class='ocrx_word' id='word_1_68' title='bbox 1146 1310 1372 1409; x_wconf 79' lang='lat' dir='ltr'>quamobrem</span> <span class='ocrx_word' id='word_1_69' title='bbox 1390 1319 1555 1388; x_wconf 84' lang='lat' dir='ltr'>animum</span> <span class='ocrx_word' id='word_1_70' title='bbox 1572 1323 1735 1387; x_wconf 89' lang='lat' dir='ltr'>omnibus</span> <span class='ocrx_word' id='word_1_71' title='bbox 1756 1325 1801 1386; x_wconf 92' lang='lat' dir='ltr'>li·</span> <span class='ocrx_word' id='word_1_72' title='bbox 1817 1315 1822 1324; x_wconf 85' lang='grc'><strong>’</strong></span> 
     </span>
    </p>
   </div>
   <div class='ocr_carea' id='block_1_3' title="bbox 279 1427 1802 1520">
    <p class='ocr_par' dir='ltr' id='par_1_3' title="bbox 279 1427 1802 1520">
     <span class='ocr_line' id='line_1_9' title="bbox 279 1427 1802 1520; baseline -0.006 -21"><span class='ocrx_word' id='word_1_73' title='bbox 279 1503 285 1514; x_wconf 62' lang='grc'>,</span> <span class='ocrx_word' id='word_1_74' title='bbox 388 1436 472 1499; x_wconf 87' lang='lat' dir='ltr'>teris</span> <span class='ocrx_word' id='word_1_75' title='bbox 491 1455 704 1518; x_wconf 80' lang='lat' dir='ltr'>expressum,</span> <span class='ocrx_word' id='word_1_76' title='bbox 726 1433 822 1518; x_wconf 84' lang='lat' dir='ltr'>quod</span> <span class='ocrx_word' id='word_1_77' title='bbox 844 1444 1011 1520; x_wconf 79' lang='lat' dir='ltr'>praeterea</span> <span class='ocrx_word' id='word_1_78' title='bbox 1036 1435 1076 1497; x_wconf 92' lang='lat' dir='ltr'>in</span> <span class='ocrx_word' id='word_1_79' title='bbox 1096 1433 1196 1498; x_wconf 89' lang='lat' dir='ltr'>nullo</span> <span class='ocrx_word' id='word_1_80' title='bbox 1213 1433 1307 1496; x_wconf 89' lang='lat' dir='ltr'>libro</span> <span class='ocrx_word' id='word_1_81' title='bbox 1335 1450 1392 1494; x_wconf 88' lang='lat' dir='ltr'>me</span> <span class='ocrx_word' id='word_1_82' title='bbox 1416 1427 1541 1514; x_wconf 81' lang='lat' dir='ltr'>legisse</span> <span class='ocrx_word' id='word_1_83' title='bbox 1558 1427 1716 1509; x_wconf 90' lang='lat' dir='ltr'>memini,</span> <span class='ocrx_word' id='word_1_84' title='bbox 1735 1427 1802 1492; x_wconf 88' lang='lat' dir='ltr'>etsi</span> 
     </span>
    </p>
   </div>
   <div class='ocr_carea' id='block_1_4' title="bbox 358 1531 1803 2379">
    <p class='ocr_par' dir='ltr' id='par_1_4' title="bbox 358 1531 1803 2360">
     <span class='ocr_line' id='line_1_10' title="bbox 358 1531 1801 1624; baseline -0.007 -20"><span class='ocrx_word' id='word_1_85' title='bbox 358 1531 361 1538; x_wconf 44' lang='lat'><strong>¹</strong></span> <span class='ocrx_word' id='word_1_86' title='bbox 388 1540 543 1624; x_wconf 81' lang='lat' dir='ltr'>Cottius,</span> <span class='ocrx_word' id='word_1_87' title='bbox 554 1565 629 1622; x_wconf 78' lang='lat' dir='ltr'>que</span> <span class='ocrx_word' id='word_1_88' title='bbox 648 1542 722 1618; x_wconf 87' lang='lat' dir='ltr'>ejus</span> <span class='ocrx_word' id='word_1_89' title='bbox 736 1550 787 1604; x_wconf 88' lang='lat' dir='ltr'>est</span> <span class='ocrx_word' id='word_1_90' title='bbox 801 1542 962 1616; x_wconf 83' lang='lat' dir='ltr'>audacia,</span> <span class='ocrx_word' id='word_1_91' title='bbox 982 1540 1115 1622; x_wconf 87' lang='lat' dir='ltr'>ubique</span> <span class='ocrx_word' id='word_1_92' title='bbox 1131 1537 1204 1604; x_wconf 84' lang='lat' dir='ltr'>fere</span> <span class='ocrx_word' id='word_1_93' title='bbox 1225 1540 1264 1601; x_wconf 91' lang='lat' dir='ltr'>id</span> <span class='ocrx_word' id='word_1_94' title='bbox 1282 1536 1501 1600; x_wconf 88' lang='lat' dir='ltr'>scribendum</span> <span class='ocrx_word' id='word_1_95' title='bbox 1515 1532 1658 1609; x_wconf 87' lang='lat' dir='ltr'>curavit,</span> <span class='ocrx_word' id='word_1_96' title='bbox 1682 1539 1801 1594; x_wconf 86' lang='lat' dir='ltr'>contra</span> 
     </span>
     <span class='ocr_line' id='line_1_11' title="bbox 384 1636 1803 1730; baseline -0.004 -22"><span class='ocrx_word' id='word_1_97' title='bbox 384 1646 541 1730; x_wconf 91' lang='lat' dir='ltr'>ipsorum</span> <span class='ocrx_word' id='word_1_98' title='bbox 557 1647 765 1730; x_wconf 88' lang='lat' dir='ltr'>scriptorum</span> <span class='ocrx_word' id='word_1_99' title='bbox 783 1645 1018 1711; x_wconf 90' lang='lat' dir='ltr'>consiliumet</span> <span class='ocrx_word' id='word_1_100' title='bbox 1036 1645 1162 1729; x_wconf 87' lang='lat' dir='ltr'>optimi</span> <span class='ocrx_word' id='word_1_101' title='bbox 1180 1644 1345 1722; x_wconf 84' lang='lat' dir='ltr'>cujusque</span> <span class='ocrx_word' id='word_1_102' title='bbox 1363 1640 1450 1702; x_wconf 88' lang='lat' dir='ltr'>libri</span> <span class='ocrx_word' id='word_1_103' title='bbox 1469 1640 1719 1703; x_wconf 84' lang='lat' dir='ltr'>auctoritatem.</span> <span class='ocrx_word' id='word_1_104' title='bbox 1747 1636 1803 1702; x_wconf 91' lang='lat' dir='ltr'>in-</span> 
     </span>
     <span class='ocr_line' id='line_1_12' title="bbox 377 1743 1801 1841; baseline -0.004 -30"><span class='ocrx_word' id='word_1_105' title='bbox 377 1747 490 1841; x_wconf 85' lang='lat' dir='ltr'>juria</span> <span class='ocrx_word' id='word_1_106' title='bbox 505 1746 692 1836; x_wconf 83' lang='lat' dir='ltr'>gravitate</span> <span class='ocrx_word' id='word_1_107' title='bbox 711 1748 831 1814; x_wconf 83' lang='lat' dir='ltr'>tutior</span> <span class='ocrx_word' id='word_1_108' title='bbox 851 1749 912 1812; x_wconf 83' lang='lat' dir='ltr'>cfr.</span> <span class='ocrx_word' id='word_1_109' title='bbox 940 1753 1019 1836; x_wconf 85' lang='lat' dir='ltr'>lug.</span> <span class='ocrx_word' id='word_1_110' title='bbox 1047 1755 1103 1813; x_wconf 74' lang='grc' dir='ltr'>διε</span> <span class='ocrx_word' id='word_1_111' title='bbox 1135 1768 1261 1830; x_wconf 54' lang='lat' dir='ltr'>«quam</span> <span class='ocrx_word' id='word_1_112' title='bbox 1293 1747 1441 1830; x_wconf 75' lang='lat' dir='ltr'>quisque</span> <span class='ocrx_word' id='word_1_113' title='bbox 1468 1744 1611 1830; x_wconf 80' lang='lat' dir='ltr'>pessime</span> <span class='ocrx_word' id='word_1_114' title='bbox 1632 1743 1731 1826; x_wconf 84' lang='lat' dir='ltr'>fecit,</span> <span class='ocrx_word' id='word_1_115' title='bbox 1752 1743 1801 1806; x_wconf 82' lang='lat' dir='ltr'>ita</span> 
     </span>
     <span class='ocr_line' id='line_1_13' title="bbox 386 1850 1800 1937; baseline -0.004 -23"><span class='ocrx_word' id='word_1_116' title='bbox 386 1855 537 1917; x_wconf 82' lang='lat' dir='ltr'>maxime</span> <span class='ocrx_word' id='word_1_117' title='bbox 555 1861 649 1916; x_wconf 82' lang='lat' dir='ltr'>tutus</span> <span class='ocrx_word' id='word_1_118' title='bbox 666 1863 748 1917; x_wconf 62' lang='lat' dir='ltr'>est.»</span> <span class='ocrx_word' id='word_1_119' title='bbox 768 1852 891 1918; x_wconf 85' lang='lat' dir='ltr'>artius</span> <span class='ocrx_word' id='word_1_120' title='bbox 909 1854 1093 1917; x_wconf 84' lang='lat' dir='ltr'>habebunt</span> <span class='ocrx_word' id='word_1_121' title='bbox 1117 1852 1178 1920; x_wconf 83' lang='lat' dir='ltr'>cfr.</span> <span class='ocrx_word' id='word_1_122' title='bbox 1198 1853 1277 1937; x_wconf 86' lang='lat' dir='ltr'>lug.</span> <span class='ocrx_word' id='word_1_123' title='bbox 1297 1853 1336 1914; x_wconf 81' lang='lat'>85</span> <span class='ocrx_word' id='word_1_124' title='bbox 1359 1850 1419 1912; x_wconf 87' lang='lat' dir='ltr'>fin.</span> <span class='ocrx_word' id='word_1_125' title='bbox 1442 1859 1479 1916; x_wconf 85' lang='lat' dir='ltr'>et</span> <span class='ocrx_word' id='word_1_126' title='bbox 1497 1851 1681 1936; x_wconf 88' lang='lat' dir='ltr'>Hegesipp.</span> <span class='ocrx_word' id='word_1_127' title='bbox 1702 1851 1749 1913; x_wconf 86' lang='grc' dir='ltr'>ΙΙ.</span> <span class='ocrx_word' id='word_1_128' title='bbox 1763 1853 1800 1910; x_wconf 84' lang='lat'>3:</span> 
     </span>
     <span class='ocr_line' id='line_1_14' title="bbox 385 1951 1800 2043; baseline -0.004 -23"><span class='ocrx_word' id='word_1_129' title='bbox 385 1959 490 2039; x_wconf 53' lang='lat' dir='ltr'>,quia</span> <span class='ocrx_word' id='word_1_130' title='bbox 521 1960 728 2041; x_wconf 88' lang='lat' dir='ltr'>plerumque</span> <span class='ocrx_word' id='word_1_131' title='bbox 758 1959 923 2042; x_wconf 83' lang='lat' dir='ltr'>asperitas</span> <span class='ocrx_word' id='word_1_132' title='bbox 954 1979 1024 2040; x_wconf 78' lang='lat' dir='ltr'>quo</span> <span class='ocrx_word' id='word_1_133' title='bbox 1062 1958 1218 2043; x_wconf 88' lang='lat' dir='ltr'>gravior,</span> <span class='ocrx_word' id='word_1_134' title='bbox 1253 1977 1295 2021; x_wconf 92' lang='lat' dir='ltr'>eo</span> <span class='ocrx_word' id='word_1_135' title='bbox 1316 1956 1455 2019; x_wconf 52' lang='lat' dir='ltr'>tutior.»</span> <span class='ocrx_word' id='word_1_136' title='bbox 1483 1951 1618 2037; x_wconf 88' lang='lat' dir='ltr'>aliquis</span> <span class='ocrx_word' id='word_1_137' title='bbox 1638 1960 1800 2016; x_wconf 82' lang='lat' dir='ltr'>oestrum</span> 
     </span>
     <span class='ocr_line' id='line_1_15' title="bbox 384 2059 1800 2148; baseline -0.003 -26"><span class='ocrx_word' id='word_1_138' title='bbox 384 2059 583 2146; x_wconf 80' lang='lat' dir='ltr'>subjecerit</span> <span class='ocrx_word' id='word_1_139' title='bbox 601 2065 676 2126; x_wconf 84' lang='lat' dir='ltr'>haec</span> <span class='ocrx_word' id='word_1_140' title='bbox 694 2065 812 2126; x_wconf 88' lang='lat' dir='ltr'>Cortio</span> <span class='ocrx_word' id='word_1_141' title='bbox 827 2072 983 2148; x_wconf 89' lang='lat' dir='ltr'>suspecta</span> <span class='ocrx_word' id='word_1_142' title='bbox 1000 2064 1089 2146; x_wconf 82' lang='lat' dir='ltr'>visa,</span> <span class='ocrx_word' id='word_1_143' title='bbox 1109 2065 1209 2148; x_wconf 88' lang='lat' dir='ltr'>qnia,</span> <span class='ocrx_word' id='word_1_144' title='bbox 1230 2064 1287 2127; x_wconf 86' lang='lat' dir='ltr'>vel</span> <span class='ocrx_word' id='word_1_145' title='bbox 1301 2063 1357 2125; x_wconf 88' lang='lat' dir='ltr'>his</span> <span class='ocrx_word' id='word_1_146' title='bbox 1376 2061 1529 2139; x_wconf 89' lang='lat' dir='ltr'>omissis,</span> <span class='ocrx_word' id='word_1_147' title='bbox 1550 2059 1663 2124; x_wconf 90' lang='lat' dir='ltr'>omnia</span> <span class='ocrx_word' id='word_1_148' title='bbox 1681 2065 1800 2142; x_wconf 87' lang='lat' dir='ltr'>aperta</span> 
     </span>
     <span class='ocr_line' id='line_1_16' title="bbox 386 2161 1802 2248; baseline -0.001 -22"><span class='ocrx_word' id='word_1_149' title='bbox 386 2181 459 2226; x_wconf 87' lang='lat' dir='ltr'>esse</span> <span class='ocrx_word' id='word_1_150' title='bbox 474 2162 662 2246; x_wconf 86' lang='lat' dir='ltr'>judicavit,</span> <span class='ocrx_word' id='word_1_151' title='bbox 684 2168 777 2244; x_wconf 89' lang='lat' dir='ltr'>quod</span> <span class='ocrx_word' id='word_1_152' title='bbox 809 2183 851 2226; x_wconf 82' lang='lat' dir='ltr'>ex</span> <span class='ocrx_word' id='word_1_153' title='bbox 878 2166 1023 2231; x_wconf 89' lang='lat' dir='ltr'>illorum</span> <span class='ocrx_word' id='word_1_154' title='bbox 1052 2168 1224 2230; x_wconf 89' lang='lat' dir='ltr'>sententia</span> <span class='ocrx_word' id='word_1_155' title='bbox 1254 2169 1399 2248; x_wconf 88' lang='lat' dir='ltr'>dictum,</span> <span class='ocrx_word' id='word_1_156' title='bbox 1431 2166 1514 2247; x_wconf 89' lang='lat' dir='ltr'>quia</span> <span class='ocrx_word' id='word_1_157' title='bbox 1532 2165 1590 2226; x_wconf 85' lang='lat' dir='ltr'>vel</span> <span class='ocrx_word' id='word_1_158' title='bbox 1619 2161 1802 2225; x_wconf 89' lang='lat' dir='ltr'>durissima</span> 
     </span>
     <span class='ocr_line' id='line_1_17' title="bbox 385 2265 1801 2379; baseline -0.001 -49"><span class='ocrx_word' id='word_1_159' title='bbox 385 2288 602 2378; x_wconf 84' lang='lat' dir='ltr'>concoquere</span> <span class='ocrx_word' id='word_1_160' title='bbox 623 2277 782 2379; x_wconf 85' lang='lat' dir='ltr'>possunt,</span> <span class='ocrx_word' id='word_1_161' title='bbox 811 2273 1002 2336; x_wconf 88' lang='lat' dir='ltr'>dummodo</span> <span class='ocrx_word' id='word_1_162' title='bbox 1023 2273 1177 2358; x_wconf 82' lang='lat' dir='ltr'>vulgatis</span> <span class='ocrx_word' id='word_1_163' title='bbox 1196 2271 1358 2338; x_wconf 88' lang='lat' dir='ltr'>breviora</span> <span class='ocrx_word' id='word_1_164' title='bbox 1381 2276 1472 2334; x_wconf 88' lang='lat' dir='ltr'>sunt.</span> <span class='ocrx_word' id='word_1_165' title='bbox 1492 2265 1728 2360; x_wconf 79' lang='lat' dir='ltr'>subjecerit</span> <span class='ocrx_word' id='word_1_166' title='bbox 1718 2289 1742 2328; x_wconf 89' lang='grc' dir='ltr'>ι.</span> <span class='ocrx_word' id='word_1_167' title='bbox 1771 2286 1801 2329; x_wconf 89' lang='lat' dir='ltr'>e.</span> 
     </span>
    </p>
   </div>
   <div class='ocr_carea' id='block_1_5' title="bbox 384 2343 1802 2567">
    <p class='ocr_par' dir='ltr' id='par_1_5' title="bbox 384 2343 1802 2567">
     <span class='ocr_line' id='line_1_18' title="bbox 384 2343 1800 2465; baseline -0.007 -21"><span class='ocrx_word' id='word_1_168' title='bbox 384 2343 549 2452; x_wconf 61' lang='grc' dir='ltr'>υπθλαβῇ</span> <span class='ocrx_word' id='word_1_169' title='bbox 568 2374 625 2440; x_wconf 87' lang='lat' dir='ltr'>vel</span> <span class='ocrx_word' id='word_1_170' title='bbox 644 2343 866 2451; x_wconf 64' lang='grc' dir='ltr'>υπθβᾱλο·</span> <span class='ocrx_word' id='word_1_171' title='bbox 848 2375 1016 2465; x_wconf 80' lang='lat' dir='ltr'>zmpigroe</span> <span class='ocrx_word' id='word_1_172' title='bbox 1040 2377 1194 2465; x_wconf 83' lang='lat' dir='ltr'>linguoe,</span> <span class='ocrx_word' id='word_1_173' title='bbox 1222 2374 1342 2439; x_wconf 86' lang='lat' dir='ltr'>animi</span> <span class='ocrx_word' id='word_1_174' title='bbox 1367 2372 1492 2461; x_wconf 68' lang='lat' dir='ltr'>ignom</span> <span class='ocrx_word' id='word_1_175' title='bbox 1485 2370 1578 2434; x_wconf 77' lang='lat' dir='ltr'>cfr.</span> <span class='ocrx_word' id='word_1_176' title='bbox 1602 2374 1680 2456; x_wconf 83' lang='lat' dir='ltr'>lug.</span> <span class='ocrx_word' id='word_1_177' title='bbox 1707 2387 1737 2446; x_wconf 90' lang='grc'>4.</span> <span class='ocrx_word' id='word_1_178' title='bbox 1762 2386 1800 2444; x_wconf 91' lang='grc'>4·</span> 
     </span>
     <span class='ocr_line' id='line_1_19' title="bbox 385 2476 1802 2567; baseline -0.004 -25"><span class='ocrx_word' id='word_1_179' title='bbox 385 2477 517 2567; x_wconf 85' lang='lat' dir='ltr'>lingua</span> <span class='ocrx_word' id='word_1_180' title='bbox 541 2503 653 2563; x_wconf 86' lang='lat' dir='ltr'>quam</span> <span class='ocrx_word' id='word_1_181' title='bbox 679 2500 793 2542; x_wconf 87' lang='lat' dir='ltr'>manu</span> <span class='ocrx_word' id='word_1_182' title='bbox 806 2478 1040 2555; x_wconf 84' lang='lat' dir='ltr'>prompti0r;</span> <span class='ocrx_word' id='word_1_183' title='bbox 1060 2481 1173 2534; x_wconf 80' lang='lat' dir='ltr'>Plaut.</span> <span class='ocrx_word' id='word_1_184' title='bbox 1192 2480 1294 2533; x_wconf 86' lang='lat' dir='ltr'>Bach.</span> <span class='ocrx_word' id='word_1_185' title='bbox 1318 2478 1348 2530; x_wconf 80' lang='lat'>5.</span> <span class='ocrx_word' id='word_1_186' title='bbox 1368 2478 1397 2532; x_wconf 83' lang='lat'>6.</span> <span class='ocrx_word' id='word_1_187' title='bbox 1419 2496 1478 2544; x_wconf 82' lang='lat' dir='ltr'>u,-</span> <span class='ocrx_word' id='word_1_188' title='bbox 1500 2476 1604 2536; x_wconf 89' lang='lat' dir='ltr'>multi</span> <span class='ocrx_word' id='word_1_189' title='bbox 1622 2494 1720 2539; x_wconf 89' lang='lat' dir='ltr'>more</span> <span class='ocrx_word' id='word_1_190' title='bbox 1735 2477 1802 2537; x_wconf 88' lang='lat' dir='ltr'>isto</span> 
     </span>
    </p>
   </div>
   <div class='ocr_carea' id='block_1_6' title="bbox 297 2573 1846 3444">
    <p class='ocr_par' dir='ltr' id='par_1_6' title="bbox 297 2573 1846 3408">
     <span class='ocr_line' id='line_1_20' title="bbox 381 2573 1801 2665; baseline -0.005 -19"><span class='ocrx_word' id='word_1_191' title='bbox 381 2593 489 2665; x_wconf 87' lang='lat' dir='ltr'>atque</span> <span class='ocrx_word' id='word_1_192' title='bbox 517 2585 673 2664; x_wconf 84' lang='lat' dir='ltr'>exemplo</span> <span class='ocrx_word' id='word_1_193' title='bbox 706 2582 847 2641; x_wconf 81' lang='lat' dir='ltr'>vivunt:</span> <span class='ocrx_word' id='word_1_194' title='bbox 876 2577 999 2660; x_wconf 87' lang='lat' dir='ltr'>lingua</span> <span class='ocrx_word' id='word_1_195' title='bbox 1031 2573 1188 2662; x_wconf 84' lang='lat' dir='ltr'>factiosi,</span> <span class='ocrx_word' id='word_1_196' title='bbox 1223 2573 1352 2638; x_wconf 88' lang='lat' dir='ltr'>inertes</span> <span class='ocrx_word' id='word_1_197' title='bbox 1381 2593 1505 2658; x_wconf 91' lang='lat' dir='ltr'>opera,</span> <span class='ocrx_word' id='word_1_198' title='bbox 1536 2577 1688 2642; x_wconf 86' lang='lat' dir='ltr'>sublesta</span> <span class='ocrx_word' id='word_1_199' title='bbox 1721 2581 1801 2642; x_wconf 89' lang='lat' dir='ltr'>fide.</span> 
     </span>
     <span class='ocr_line' id='line_1_21' title="bbox 297 2679 1801 2767; baseline -0.001 -21"><span class='ocrx_word' id='word_1_200' title='bbox 297 2747 302 2756; x_wconf 74' lang='grc'><strong>,</strong></span> <span class='ocrx_word' id='word_1_201' title='bbox 385 2689 546 2746; x_wconf 80' lang='lat' dir='ltr'>ceterum</span> <span class='ocrx_word' id='word_1_202' title='bbox 582 2682 720 2767; x_wconf 72' lang='lat' dir='ltr'>lingum</span> <span class='ocrx_word' id='word_1_203' title='bbox 741 2684 838 2742; x_wconf 90' lang='lat' dir='ltr'>haud</span> <span class='ocrx_word' id='word_1_204' title='bbox 866 2680 974 2742; x_wconf 88' lang='lat' dir='ltr'>dubie</span> <span class='ocrx_word' id='word_1_205' title='bbox 1004 2679 1241 2743; x_wconf 83' lang='lat' dir='ltr'>nominativus</span> <span class='ocrx_word' id='word_1_206' title='bbox 1268 2686 1335 2762; x_wconf 82' lang='lat' dir='ltr'>est,</span> <span class='ocrx_word' id='word_1_207' title='bbox 1375 2680 1439 2760; x_wconf 89' lang='lat' dir='ltr'>qui</span> <span class='ocrx_word' id='word_1_208' title='bbox 1467 2679 1695 2764; x_wconf 88' lang='lat' dir='ltr'>appositionis</span> <span class='ocrx_word' id='word_1_209' title='bbox 1722 2683 1801 2745; x_wconf 88' lang='lat' dir='ltr'>loco</span> 
     </span>
     <span class='ocr_line' id='line_1_22' title="bbox 384 2781 1827 2869; baseline -0.001 -20"><span class='ocrx_word' id='word_1_210' title='bbox 384 2784 605 2849; x_wconf 85' lang='lat' dir='ltr'>antecedenti</span> <span class='ocrx_word' id='word_1_211' title='bbox 637 2800 793 2866; x_wconf 84' lang='lat' dir='ltr'>personae</span> <span class='ocrx_word' id='word_1_212' title='bbox 826 2781 984 2846; x_wconf 87' lang='lat' dir='ltr'>addictus</span> <span class='ocrx_word' id='word_1_213' title='bbox 1024 2792 1091 2861; x_wconf 80' lang='lat' dir='ltr'>est3</span> <span class='ocrx_word' id='word_1_214' title='bbox 1123 2787 1220 2864; x_wconf 86' lang='lat' dir='ltr'>quod</span> <span class='ocrx_word' id='word_1_215' title='bbox 1252 2783 1349 2847; x_wconf 90' lang='lat' dir='ltr'>enim</span> <span class='ocrx_word' id='word_1_216' title='bbox 1382 2802 1447 2867; x_wconf 89' lang='lat' dir='ltr'>per</span> <span class='ocrx_word' id='word_1_217' title='bbox 1475 2784 1596 2862; x_wconf 91' lang='lat' dir='ltr'>jocum</span> <span class='ocrx_word' id='word_1_218' title='bbox 1633 2785 1734 2869; x_wconf 86' lang='lat' dir='ltr'>licet,</span> <span class='ocrx_word' id='word_1_219' title='bbox 1761 2789 1827 2848; x_wconf 63' lang='lat' dir='ltr'>ut*</span> 
     </span>
     <span class='ocr_line' id='line_1_23' title="bbox 384 2885 1803 2977; baseline 0 -24"><span class='ocrx_word' id='word_1_220' title='bbox 384 2888 541 2969; x_wconf 86' lang='lat' dir='ltr'>aliquem</span> <span class='ocrx_word' id='word_1_221' title='bbox 565 2886 759 2958; x_wconf 86' lang='lat' dir='ltr'>labellum,</span> <span class='ocrx_word' id='word_1_222' title='bbox 794 2888 969 2964; x_wconf 83' lang='lat' dir='ltr'>ocellum,</span> <span class='ocrx_word' id='word_1_223' title='bbox 997 2907 1079 2972; x_wconf 89' lang='lat' dir='ltr'>cor,</span> <span class='ocrx_word' id='word_1_224' title='bbox 1107 2885 1291 2970; x_wconf 86' lang='lat' dir='ltr'>suavium,</span> <span class='ocrx_word' id='word_1_225' title='bbox 1306 2910 1453 2972; x_wconf 83' lang='lat' dir='ltr'>penem,</span> <span class='ocrx_word' id='word_1_226' title='bbox 1491 2886 1657 2977; x_wconf 80' lang='lat' dir='ltr'>linguam</span> <span class='ocrx_word' id='word_1_227' title='bbox 1683 2891 1803 2975; x_wconf 83' lang='lat' dir='ltr'>appel-</span> 
     </span>
     <span class='ocr_line' id='line_1_24' title="bbox 328 2991 1846 3104; baseline -0.003 -46"><span class='ocrx_word' id='word_1_228' title='bbox 328 3024 335 3035; x_wconf 94' lang='lat'><strong>·</strong></span> <span class='ocrx_word' id='word_1_229' title='bbox 382 2996 516 3077; x_wconf 78' lang='lat' dir='ltr'>lomus,</span> <span class='ocrx_word' id='word_1_230' title='bbox 544 2992 640 3056; x_wconf 89' lang='lat' dir='ltr'>idem</span> <span class='ocrx_word' id='word_1_231' title='bbox 661 2991 957 3100; x_wconf 84' lang='lat' dir='ltr'>indignantium</span> <span class='ocrx_word' id='word_1_232' title='bbox 942 3013 1001 3104; x_wconf 72' lang='lat' dir='ltr'>jus</span> <span class='ocrx_word' id='word_1_233' title='bbox 1028 3003 1088 3058; x_wconf 87' lang='lat' dir='ltr'>est.</span> <span class='ocrx_word' id='word_1_234' title='bbox 1117 2993 1178 3057; x_wconf 83' lang='lat' dir='ltr'>cfr.</span> <span class='ocrx_word' id='word_1_235' title='bbox 1204 2994 1629 3073; x_wconf 84' lang='lat' dir='ltr'>Plaut.Poen.1.a.173.</span> <span class='ocrx_word' id='word_1_236' title='bbox 1657 2997 1800 3065; x_wconf 86' lang='lat' dir='ltr'>Hesiod.</span> <span class='ocrx_word' id='word_1_237' title='bbox 1841 3047 1846 3054; x_wconf 86' lang='lat'>.</span> 
     </span>
     <span class='ocr_line' id='line_1_25' title="bbox 383 3064 1802 3184; baseline 0.002 -23"><span class='ocrx_word' id='word_1_238' title='bbox 383 3101 514 3181; x_wconf 89' lang='lat' dir='ltr'>Theog.</span> <span class='ocrx_word' id='word_1_239' title='bbox 539 3100 599 3158; x_wconf 76' lang='lat'>26:</span> <span class='ocrx_word' id='word_1_240' title='bbox 619 3064 769 3177; x_wconf 69' lang='lat' dir='ltr'>notpos&#39;nc</span> <span class='ocrx_word' id='word_1_241' title='bbox 796 3115 854 3132; x_wconf 85' lang='lat'>····</span> <span class='ocrx_word' id='word_1_242' title='bbox 881 3068 994 3177; x_wconf 62' lang='lat' dir='ltr'>We?</span> <span class='ocrx_word' id='word_1_243' title='bbox 996 3106 1027 3162; x_wconf 75' lang='grc' dir='ltr'>ος</span> <span class='ocrx_word' id='word_1_244' title='bbox 1067 3110 1124 3155; x_wconf 80' lang='grc' dir='ltr'><em>οοον</em></span> <span class='ocrx_word' id='word_1_245' title='bbox 1144 3098 1261 3182; x_wconf 89' lang='lat' dir='ltr'>Eurip.</span> <span class='ocrx_word' id='word_1_246' title='bbox 1281 3097 1435 3184; x_wconf 83' lang='lat' dir='ltr'>fragm.</span> <span class='ocrx_word' id='word_1_247' title='bbox 1423 3119 1493 3162; x_wconf 79' lang='lat' dir='ltr'>sne.</span> <span class='ocrx_word' id='word_1_248' title='bbox 1516 3100 1577 3177; x_wconf 72' lang='grc' dir='ltr'>δι’,</span> <span class='ocrx_word' id='word_1_249' title='bbox 1595 3083 1718 3164; x_wconf 61' lang='lat' dir='ltr'>twlt&#39;dae</span> <span class='ocrx_word' id='word_1_250' title='bbox 1745 3125 1802 3144; x_wconf 91' lang='lat'>····</span> 
     </span>
     <span class='ocr_line' id='line_1_26' title="bbox 376 3187 1802 3308; baseline 0.002 -43"><span class='ocrx_word' id='word_1_251' title='bbox 376 3187 471 3298; x_wconf 60' lang='lat' dir='ltr'>”W</span> <span class='ocrx_word' id='word_1_252' title='bbox 489 3226 584 3308; x_wconf 66' lang='lat' dir='ltr'>prorae</span> <span class='ocrx_word' id='word_1_253' title='bbox 601 3197 662 3269; x_wconf 72' lang='lat' dir='ltr'>nai</span> <span class='ocrx_word' id='word_1_254' title='bbox 681 3221 804 3294; x_wconf 69' lang='lat' dir='ltr'>cupiere</span> <span class='ocrx_word' id='word_1_255' title='bbox 821 3191 911 3294; x_wconf 76' lang='grc' dir='ltr'>ἔργα.</span> <span class='ocrx_word' id='word_1_256' title='bbox 929 3195 958 3270; x_wconf 67' lang='grc' dir='ltr'>(Γ</span> <span class='ocrx_word' id='word_1_257' title='bbox 978 3195 1133 3299; x_wconf 57' lang='grc' dir='ltr'>οὐδαμοῦ.</span> <span class='ocrx_word' id='word_1_258' title='bbox 1142 3237 1184 3256; x_wconf 90' lang='grc'>--</span> <span class='ocrx_word' id='word_1_259' title='bbox 1204 3223 1280 3265; x_wconf 90' lang='lat' dir='ltr'>non</span> <span class='ocrx_word' id='word_1_260' title='bbox 1299 3206 1404 3269; x_wconf 81' lang='lat' dir='ltr'>ultra</span> <span class='ocrx_word' id='word_1_261' title='bbox 1414 3200 1601 3270; x_wconf 77' lang='lat' dir='ltr'>concionis</span> <span class='ocrx_word' id='word_1_262' title='bbox 1618 3208 1740 3270; x_wconf 84' lang='lat' dir='ltr'>locum</span> <span class='ocrx_word' id='word_1_263' title='bbox 1757 3202 1802 3268; x_wconf 76' lang='lat' dir='ltr'>li·</span> 
     </span>
     <span class='ocr_line' id='line_1_27' title="bbox 384 3293 1802 3444; baseline -0.001 -62"><span class='ocrx_word' id='word_1_264' title='bbox 384 3316 540 3384; x_wconf 74' lang='lat' dir='ltr'>herculis</span> <span class='ocrx_word' id='word_1_265' title='bbox 551 3340 727 3384; x_wconf 81' lang='lat' dir='ltr'>memores</span> <span class='ocrx_word' id='word_1_266' title='bbox 738 3319 798 3383; x_wconf 82' lang='lat' dir='ltr'>etr</span> <span class='ocrx_word' id='word_1_267' title='bbox 805 3323 1027 3388; x_wconf 89' lang='lat' dir='ltr'>Demosthen.</span> <span class='ocrx_word' id='word_1_268' title='bbox 1040 3322 1171 3444; x_wconf 90' lang='lat' dir='ltr'>Philip.</span> <span class='ocrx_word' id='word_1_269' title='bbox 1180 3339 1211 3399; x_wconf 84' lang='grc'><strong>4</strong></span> <span class='ocrx_word' id='word_1_270' title='bbox 1201 3346 1255 3407; x_wconf 91' lang='lat' dir='ltr'>p</span> <span class='ocrx_word' id='word_1_271' title='bbox 1268 3327 1318 3388; x_wconf 81' lang='lat'>53.</span> <span class='ocrx_word' id='word_1_272' title='bbox 1336 3307 1552 3381; x_wconf 71' lang='grc' dir='ltr'><em>κοὶτοοοῢτοο</em></span> <span class='ocrx_word' id='word_1_273' title='bbox 1570 3293 1680 3405; x_wconf 70' lang='grc' dir='ltr'><em>χρέοον</em></span> <span class='ocrx_word' id='word_1_274' title='bbox 1698 3335 1802 3380; x_wconf 77' lang='lat' dir='ltr'>enou-</span> 
     </span>
    </p>
   </div>
   <div class='ocr_carea' id='block_1_7' title="bbox 383 3405 1801 3524">
    <p class='ocr_par' dir='ltr' id='par_1_7' title="bbox 383 3405 1801 3524">
     <span class='ocr_line' id='line_1_28' title="bbox 383 3405 1801 3524; baseline 0.003 -28"><span class='ocrx_word' id='word_1_275' title='bbox 383 3407 546 3514; x_wconf 62' lang='lat' dir='ltr'>tolgan,</span> <span class='ocrx_word' id='word_1_276' title='bbox 525 3411 599 3496; x_wconf 82' lang='grc' dir='ltr'><em>οοον</em></span> <span class='ocrx_word' id='word_1_277' title='bbox 618 3421 659 3498; x_wconf 73' lang='grc' dir='ltr'>ἄν</span> <span class='ocrx_word' id='word_1_278' title='bbox 635 3409 884 3510; x_wconf 63' lang='grc' dir='ltr'>ω9ἦς94’</span> <span class='ocrx_word' id='word_1_279' title='bbox 860 3449 1036 3510; x_wconf 78' lang='grc' dir='ltr'><em>οοοοουοοτος,</em></span> <span class='ocrx_word' id='word_1_280' title='bbox 1056 3405 1141 3511; x_wconf 71' lang='lat' dir='ltr'>r&#39;zrrr</span> <span class='ocrx_word' id='word_1_281' title='bbox 1109 3421 1371 3522; x_wconf 61' lang='grc' dir='ltr'>προσαγγελθῇ</span> <span class='ocrx_word' id='word_1_282' title='bbox 1388 3453 1420 3498; x_wconf 81' lang='grc' dir='ltr'>τι</span> <span class='ocrx_word' id='word_1_283' title='bbox 1442 3453 1550 3524; x_wconf 75' lang='grc' dir='ltr'><em>οεοτορ</em></span> <span class='ocrx_word' id='word_1_284' title='bbox 1552 3456 1590 3500; x_wconf 87' lang='grc' dir='ltr'>ον.</span> <span class='ocrx_word' id='word_1_285' title='bbox 1619 3427 1682 3500; x_wconf 78' lang='grc' dir='ltr'><strong><em>Εἶτ’</em></strong></span> <span class='ocrx_word' id='word_1_286' title='bbox 1691 3428 1801 3500; x_wconf 70' lang='grc' dir='ltr'>ἀπελ-</span> 
     </span>
    </p>
   </div>
   <div class='ocr_carea' id='block_1_8' title="bbox 383 3527 1798 3645">
    <p class='ocr_par' dir='ltr' id='par_1_8' title="bbox 383 3527 1798 3645">
     <span class='ocr_line' id='line_1_29' title="bbox 383 3527 1798 3645; baseline 0 -26"><span class='ocrx_word' id='word_1_287' title='bbox 383 3527 518 3620; x_wconf 70' lang='lat' dir='ltr'>9ch</span> <span class='ocrx_word' id='word_1_288' title='bbox 497 3569 622 3626; x_wconf 78' lang='grc' dir='ltr'><em>οκοοςος</em></span> <span class='ocrx_word' id='word_1_289' title='bbox 649 3543 741 3643; x_wconf 76' lang='grc' dir='ltr'><em>ὁροων</em></span> <span class='ocrx_word' id='word_1_290' title='bbox 779 3532 866 3618; x_wconf 70' lang='grc' dir='ltr'><em>ου’ὃεν</em></span> <span class='ocrx_word' id='word_1_291' title='bbox 913 3541 1065 3643; x_wconf 79' lang='grc' dir='ltr'><em>φροντίζει</em></span> <span class='ocrx_word' id='word_1_292' title='bbox 1111 3544 1184 3642; x_wconf 72' lang='grc' dir='ltr'>περὶ</span> <span class='ocrx_word' id='word_1_293' title='bbox 1223 3543 1331 3616; x_wconf 68' lang='grc' dir='ltr'><em>αὐτῶν</em></span> <span class='ocrx_word' id='word_1_294' title='bbox 1379 3544 1465 3617; x_wconf 68' lang='grc' dir='ltr'>ἀλλ’</span> <span class='ocrx_word' id='word_1_295' title='bbox 1502 3537 1575 3618; x_wconf 74' lang='lat' dir='ltr'>ulle</span> <span class='ocrx_word' id='word_1_296' title='bbox 1623 3531 1798 3645; x_wconf 69' lang='grc' dir='ltr'>μέμνηται.</span> 
     </span>
    </p>
   </div>
   <div class='ocr_carea' id='block_1_9' title="bbox 384 3661 1802 4400">
    <p class='ocr_par' dir='ltr' id='par_1_9' title="bbox 384 3661 1802 4400">
     <span class='ocr_line' id='line_1_30' title="bbox 386 3661 1801 3753; baseline 0 -20"><span class='ocrx_word' id='word_1_297' title='bbox 386 3661 630 3734; x_wconf 85' lang='lat' dir='ltr'>amittendum</span> <span class='ocrx_word' id='word_1_298' title='bbox 651 3667 750 3732; x_wconf 83' lang='lat' dir='ltr'>hunc</span> <span class='ocrx_word' id='word_1_299' title='bbox 779 3688 939 3753; x_wconf 86' lang='lat' dir='ltr'>morem,</span> <span class='ocrx_word' id='word_1_300' title='bbox 958 3670 1050 3731; x_wconf 87' lang='lat' dir='ltr'>hanc</span> <span class='ocrx_word' id='word_1_301' title='bbox 1067 3668 1247 3736; x_wconf 81' lang='lat' dir='ltr'>Anusiani</span> <span class='ocrx_word' id='word_1_302' title='bbox 1265 3666 1452 3734; x_wconf 88' lang='lat' dir='ltr'>lectionem</span> <span class='ocrx_word' id='word_1_303' title='bbox 1472 3669 1592 3732; x_wconf 87' lang='lat' dir='ltr'>Carrio</span> <span class='ocrx_word' id='word_1_304' title='bbox 1614 3669 1801 3752; x_wconf 71' lang='lat' dir='ltr'>praeferen-</span> 
     </span>
     <span class='ocr_line' id='line_1_31' title="bbox 386 3768 1801 3860; baseline 0.002 -24"><span class='ocrx_word' id='word_1_305' title='bbox 386 3776 468 3836; x_wconf 87' lang='lat' dir='ltr'>dam</span> <span class='ocrx_word' id='word_1_306' title='bbox 487 3791 560 3837; x_wconf 89' lang='lat' dir='ltr'>esse</span> <span class='ocrx_word' id='word_1_307' title='bbox 581 3773 725 3838; x_wconf 89' lang='lat' dir='ltr'>censuit.</span> <span class='ocrx_word' id='word_1_308' title='bbox 743 3769 834 3835; x_wconf 87' lang='lat' dir='ltr'>Dein</span> <span class='ocrx_word' id='word_1_309' title='bbox 856 3795 902 3836; x_wconf 84' lang='lat' dir='ltr'>ne</span> <span class='ocrx_word' id='word_1_310' title='bbox 918 3792 983 3840; x_wconf 79' lang='lat' dir='ltr'>vos</span> <span class='ocrx_word' id='word_1_311' title='bbox 999 3773 1052 3836; x_wconf 85' lang='lat' dir='ltr'>ad</span> <span class='ocrx_word' id='word_1_312' title='bbox 1069 3768 1196 3836; x_wconf 83' lang='lat' dir='ltr'>virilia</span> <span class='ocrx_word' id='word_1_313' title='bbox 1215 3768 1283 3835; x_wconf 88' lang='lat' dir='ltr'>illa</span> <span class='ocrx_word' id='word_1_314' title='bbox 1305 3779 1441 3838; x_wconf 79' lang='lat' dir='ltr'>vocem.</span> <span class='ocrx_word' id='word_1_315' title='bbox 1469 3776 1583 3860; x_wconf 79' lang='lat' dir='ltr'>Quam</span> <span class='ocrx_word' id='word_1_316' title='bbox 1605 3776 1801 3860; x_wconf 85' lang='lat' dir='ltr'>exprimen-</span> 
     </span>
     <span class='ocr_line' id='line_1_32' title="bbox 386 3876 1801 3966; baseline 0.003 -25"><span class='ocrx_word' id='word_1_317' title='bbox 386 3881 467 3941; x_wconf 87' lang='lat' dir='ltr'>dam</span> <span class='ocrx_word' id='word_1_318' title='bbox 485 3880 679 3947; x_wconf 78' lang='lat' dir='ltr'>curavimus</span> <span class='ocrx_word' id='word_1_319' title='bbox 693 3877 916 3962; x_wconf 86' lang='lat' dir='ltr'>scripturam,</span> <span class='ocrx_word' id='word_1_320' title='bbox 937 3879 1073 3966; x_wconf 87' lang='lat' dir='ltr'>duobus</span> <span class='ocrx_word' id='word_1_321' title='bbox 1090 3876 1266 3944; x_wconf 86' lang='lat' dir='ltr'>Vaticanis</span> <span class='ocrx_word' id='word_1_322' title='bbox 1289 3878 1521 3960; x_wconf 89' lang='lat' dir='ltr'>confirmatur.</span> <span class='ocrx_word' id='word_1_323' title='bbox 1541 3883 1685 3946; x_wconf 88' lang='lat' dir='ltr'>Sensum</span> <span class='ocrx_word' id='word_1_324' title='bbox 1698 3882 1801 3960; x_wconf 88' lang='lat' dir='ltr'>hujus</span> 
     </span>
     <span class='ocr_line' id='line_1_33' title="bbox 384 3981 1799 4066; baseline 0.001 -20"><span class='ocrx_word' id='word_1_325' title='bbox 384 3981 457 4046; x_wconf 91' lang='lat' dir='ltr'>loci</span> <span class='ocrx_word' id='word_1_326' title='bbox 473 3983 563 4046; x_wconf 91' lang='lat' dir='ltr'>bene</span> <span class='ocrx_word' id='word_1_327' title='bbox 583 3982 747 4066; x_wconf 77' lang='lat' dir='ltr'>expressit</span> <span class='ocrx_word' id='word_1_328' title='bbox 765 3982 919 4048; x_wconf 88' lang='lat' dir='ltr'>Cortius:</span> <span class='ocrx_word' id='word_1_329' title='bbox 939 3984 1052 4058; x_wconf 56' lang='lat' dir='ltr'>,Dein</span> <span class='ocrx_word' id='word_1_330' title='bbox 1067 4002 1200 4060; x_wconf 86' lang='lat' dir='ltr'>censeo,</span> <span class='ocrx_word' id='word_1_331' title='bbox 1213 3984 1278 4065; x_wconf 91' lang='lat' dir='ltr'>(ne</span> <span class='ocrx_word' id='word_1_332' title='bbox 1298 3986 1344 4046; x_wconf 87' lang='lat' dir='ltr'>ad</span> <span class='ocrx_word' id='word_1_333' title='bbox 1367 3988 1571 4050; x_wconf 89' lang='lat' dir='ltr'>secessiones</span> <span class='ocrx_word' id='word_1_334' title='bbox 1590 4007 1652 4052; x_wconf 82' lang='lat' dir='ltr'>vos</span> <span class='ocrx_word' id='word_1_335' title='bbox 1671 3989 1799 4066; x_wconf 87' lang='lat' dir='ltr'>horter,</span> 
     </span>
     <span class='ocr_line' id='line_1_34' title="bbox 386 4081 1802 4172; baseline 0.001 -22"><span class='ocrx_word' id='word_1_336' title='bbox 386 4084 515 4170; x_wconf 70' lang='lat' dir='ltr'>qttibus</span> <span class='ocrx_word' id='word_1_337' title='bbox 527 4084 674 4161; x_wconf 85' lang='lat' dir='ltr'>majores</span> <span class='ocrx_word' id='word_1_338' title='bbox 690 4087 796 4152; x_wconf 85' lang='lat' dir='ltr'>vestri</span> <span class='ocrx_word' id='word_1_339' title='bbox 809 4096 843 4152; x_wconf 84' lang='lat' dir='ltr'>et</span> <span class='ocrx_word' id='word_1_340' title='bbox 862 4088 975 4153; x_wconf 90' lang='lat' dir='ltr'>libera</span> <span class='ocrx_word' id='word_1_341' title='bbox 990 4081 1154 4172; x_wconf 86' lang='lat' dir='ltr'>suffragia</span> <span class='ocrx_word' id='word_1_342' title='bbox 1167 4087 1362 4171; x_wconf 85' lang='lat' dir='ltr'>peperere,)</span> <span class='ocrx_word' id='word_1_343' title='bbox 1382 4089 1437 4151; x_wconf 93' lang='lat' dir='ltr'>uti</span> <span class='ocrx_word' id='word_1_344' title='bbox 1454 4090 1493 4151; x_wconf 91' lang='lat' dir='ltr'>in</span> <span class='ocrx_word' id='word_1_345' title='bbox 1509 4110 1586 4154; x_wconf 91' lang='lat' dir='ltr'>eam</span> <span class='ocrx_word' id='word_1_346' title='bbox 1603 4093 1802 4154; x_wconf 84' lang='lat' dir='ltr'>libertatern</span> 
     </span>
     <span class='ocr_line' id='line_1_35' title="bbox 384 4187 1801 4281; baseline 0.005 -31"><span class='ocrx_word' id='word_1_347' title='bbox 384 4207 447 4252; x_wconf 85' lang='lat' dir='ltr'>vos</span> <span class='ocrx_word' id='word_1_348' title='bbox 461 4187 662 4276; x_wconf 79' lang='lat' dir='ltr'>vindicetis,</span> <span class='ocrx_word' id='word_1_349' title='bbox 690 4211 775 4276; x_wconf 75' lang='lat' dir='ltr'>qtra,</span> <span class='ocrx_word' id='word_1_350' title='bbox 802 4211 879 4274; x_wconf 75' lang='lat' dir='ltr'>quae</span> <span class='ocrx_word' id='word_1_351' title='bbox 899 4214 993 4256; x_wconf 90' lang='lat' dir='ltr'>nunc</span> <span class='ocrx_word' id='word_1_352' title='bbox 1011 4212 1053 4257; x_wconf 83' lang='lat' dir='ltr'>ex</span> <span class='ocrx_word' id='word_1_353' title='bbox 1071 4191 1223 4255; x_wconf 89' lang='lat' dir='ltr'>aliorum</span> <span class='ocrx_word' id='word_1_354' title='bbox 1247 4191 1396 4279; x_wconf 89' lang='lat' dir='ltr'>imperio</span> <span class='ocrx_word' id='word_1_355' title='bbox 1416 4215 1480 4281; x_wconf 89' lang='lat' dir='ltr'>pro</span> <span class='ocrx_word' id='word_1_356' title='bbox 1503 4197 1583 4260; x_wconf 88' lang='lat' dir='ltr'>aliis</span> <span class='ocrx_word' id='word_1_357' title='bbox 1599 4195 1740 4278; x_wconf 90' lang='lat' dir='ltr'>subitis,</span> <span class='ocrx_word' id='word_1_358' title='bbox 1759 4215 1801 4260; x_wconf 86' lang='lat' dir='ltr'>ea</span> 
     </span>
     <span class='ocr_line' id='line_1_36' title="bbox 384 4292 1800 4400; baseline 0.008 -44"><span class='ocrx_word' id='word_1_359' title='bbox 384 4292 426 4376; x_wconf 73' lang='lat' dir='ltr'>in</span> <span class='ocrx_word' id='word_1_360' title='bbox 448 4301 600 4362; x_wconf 82' lang='lat' dir='ltr'>restrum</span> <span class='ocrx_word' id='word_1_361' title='bbox 621 4299 842 4364; x_wconf 87' lang='lat' dir='ltr'>commodum</span> <span class='ocrx_word' id='word_1_362' title='bbox 867 4319 932 4398; x_wconf 85' lang='lat' dir='ltr'>pro</span> <span class='ocrx_word' id='word_1_363' title='bbox 955 4297 1055 4366; x_wconf 81' lang='lat' dir='ltr'>vobis</span> <span class='ocrx_word' id='word_1_364' title='bbox 1076 4317 1193 4389; x_wconf 78' lang='lat' dir='ltr'>agere,</span> <span class='ocrx_word' id='word_1_365' title='bbox 1214 4307 1278 4362; x_wconf 86' lang='lat' dir='ltr'>aut</span> <span class='ocrx_word' id='word_1_366' title='bbox 1300 4299 1420 4400; x_wconf 83' lang='lat' dir='ltr'>plane&#39;</span> <span class='ocrx_word' id='word_1_367' title='bbox 1437 4302 1633 4376; x_wconf 86' lang='lat' dir='ltr'>ommittere</span> <span class='ocrx_word' id='word_1_368' title='bbox 1664 4307 1700 4367; x_wconf 89' lang='lat' dir='ltr'>et</span> <span class='ocrx_word' id='word_1_369' title='bbox 1727 4319 1800 4368; x_wconf 80' lang='lat' dir='ltr'>non</span> 
     </span>
    </p>
   </div>
   <div class='ocr_carea' id='block_1_10' title="bbox 0 0 2120 5348">
    <p class='ocr_par' dir='ltr' id='par_1_10' title="bbox 0 0 2120 5348">
     <span class='ocr_line' id='line_1_37' title="bbox 0 0 2120 5348; baseline 0 0"><span class='ocrx_word' id='word_1_370' title='bbox 0 0 2120 5348; x_wconf 95' lang='lat' dir='ltr'> </span> 
     </span>
    </p>
   </div>
  </div>
 </body>
</html>
