4230 5348
1709 463 1775 536 ¹07

368 630 402 687 et
424 621 540 704 omnia
556 621 778 707 pervestigat,
803 634 842 687 ut
867 622 1029 694 inveniat.
1055 630 1258 714 Quanquam
1283 632 1350 692 hoc
1374 649 1446 693 non
1467 637 1517 694 est
1542 627 1800 716 diffitendum,

366 728 477 794 multa
499 729 539 792 in
556 729 621 792 hac
643 727 792 814 epistola
811 740 969 798 enarrata
985 734 1096 799 multo
1111 732 1256 819 propius
1276 737 1455 800 adrerum
1473 739 1652 820 accedere,
1673 755 1779 817 quam

366 855 442 916 quae
469 845 491 898 a
511 833 632 900 ceteris
652 853 768 900 rerum
788 837 1015 924 scriptoribus
1038 840 1214 906 memoriae
1233 841 1374 924 prodita
1394 851 1482 904 sunt.
1509 841 1657 906 Salustio
1684 841 1779 906 enim

365 946 527 1025 excepto,
546 940 612 1004 -viu
632 941 726 1006 ullus
745 953 862 1008 rerum
882 947 1119 1010 Romanarum
1139 960 1299 1010 auctora
1323 966 1359 1010 se
1377 947 1563 1030 impetrare
1578 947 1711 1030 potuit,
1739 954 1780 1008 ut

365 1054 502 1112 senatus
531 1047 682 1111 Romani
710 1048 967 1116 fraudulentam
996 1052 1189 1118 amicitiam
1216 1060 1250 1130 et
1277 1062 1398 1116 catera
1424 1052 1594 1124 dedecora
1617 1049 1779 1133 aperiret.
1791 1101 1807 1126 -.

364 1152 498 1217 Dum-a
513 1148 881 1241 Carthaginiensibus
890 1158 1153 1241 premebantur
1169 1157 1307 1238 nullus,
1328 1155 1497 1240 quantum
1510 1155 1672 1238 equidem
1688 1153 1778 1240 scio,

363 1275 481 1321 rerum
502 1257 665 1344 scriptor,
690 1259 903 1357 Antipehum
919 1261 993 1342 jam
1021 1263 1110 1330 belli
1130 1258 1255 1329 Punici
1280 1272 1437 1349 tempore
1456 1261 1573 1326 Asiam
1596 1243 1780 1346 occupasse

364 1361 481 1425 tradit.
501 1364 569 1428 Sed
589 1366 657 1442 boe
683 1365 793 1431 serius
813 1367 944 1440 factum
962 1369 1057 1435 testis
1073 1375 1124 1438 est
1141 1368 1258 1434 Liul.
1275 1373 1326 1432 33.
1345 1390 1373 1432 c.
1391 1371 1442 1431 38.
1457 1373 1512 1449 39.
1537 1384 1587 1448 44.
1608 1373 1643 1431 et
1673 1371 1725 1429 3ι.
1749 1366 1778 1426 8.

363 1485 395 1528 a.
413 1465 577 1532 CXCVIII
593 1487 623 1532 a.
643 1471 706 1532 Ch.
721 1491 756 1534 n.
776 1473 849 1536 imo
871 1481 972 1538 antea
989 1475 1073 1539 talia
1092 1494 1138 1539 nc
1153 1472 1272 1538 conari
1286 1471 1429 1556 quidem
1446 1474 1560 1558 potuit
1579 1471 1779 1552 Antiochus,

364 1592 443 1634 cum
465 1572 555 1638 etin
580 1575 717 1638 Parthis
741 1577 959 1643 debellandis
982 1592 1016 1644 et
1041 1579 1081 1644 in
1109 1578 1296 1665 Coelesyria
1319 1585 1354 1644 et
1375 1579 1558 1644 Palaestina
1582 1578 1780 1660 occupanda

364 1685 554 1767 occupatus
566 1678 682 1744 fuerit.
711 1680 786 1744 Liv.
810 1685 861 1748 ³2.
880 1685 915 1748 8ι
937 1679 1142 1750 amicitiam
1160 1681 1391 1770 simulantes,
1408 1683 1487 1748 fierr
1500 1692 1634 1768 potest
1655 1690 1693 1744 ut
1709 1684 1781 1743 Ro-

361 1783 459 1846 mani
479 1783 588 1876 legati
609 1793 683 1850 tum
709 1788 874 1871 temporis
902 1789 1076 1852 Antiocho
1096 1790 1346 1874 persuaserint,
1367 1809 1403 1852 se
1420 1791 1489 1854 hoc
1505 1787 1667 1852 amicitia
1682 1788 1781 1867 dare,

362 1891 458 1971 quod
470 1889 586 1954 Asiam
605 1893 651 1954 ab
676 1912 718 1956 eo
738 1894 901 1980 occupari
917 1902 1136 1979 paterentur,
1156 1899 1216 1961 sed
1233 1903 1353 1959 revera
1371 1877 1520 1978 propter
1531 1893 1663 1958 virium
1682 1889 1781 1954 infir-

360 1992 518 2059 mitatem
543 2016 625 2058 eum
646 2005 773 2062 conatu
798 2017 870 2061 non
898 1998 1165 2082 prohibuerunt.
1193 1999 1353 2063 Ceterum
1375 1997 1486 2070 foedus
1506 1998 1680 2061 Antiocho
1701 2006 1809 2057 cum·

361 2095 526 2178 Philippo
547 2097 653 2162 fuisse
671 2108 790 2164 auctor
811 2110 862 2168 est
883 2103 1003 2166 Livius
1024 2108 1076 2165 3ι.
1101 2121 1159 2178 ι4ι
1178 2108 1239 2164 sed
1253 2101 1444 2162 Antiochus
1462 2100 1660 2179 Philippo
1649 2120 1690 2157 ιιι
1710 2101 1781 2158 Ro-

361 2219 505 2265 manum
522 2199 656 2264 bellum
669 2221 807 2285 averso,
827 2204 955 2267 multas
974 2203 1063 2268 Asiae
1081 2202 1234 2268 civitates
1253 2201 1449 2286 ipsiusque,
1469 2219 1545 2283 quae
1567 2200 1607 2262 in
1623 2199 1782 2282 Philippi

363 2304 500 2370 ditione
523 2305 676 2391 fuerant,
696 2306 996 2372 dissimulantibus
1006 2308 1175 2372 Romanis
1194 2305 1295 2392 cepit.
1315 2306 1389 2369 Liv.
1409 2310 1461 2368 33.
1480 2309 1530 2385 39.
1551 2325 1634 2367 nam
1655 2312 1690 2370 et
1709 2307 1782 2365 Ro-

359 2412 474 2476 manis
489 2410 683 2474 Antiochus
698 2410 813 2472 socius
829 2418 864 2474 et
881 2413 1013 2474 amicus
1029 2421 1111 2474 erat.
1133 2410 1194 2474 cfr.
1206 2411 1280 2474 Liv.
1299 2415 1350 2473 32.
1367 2411 1398 2474 8.
1415 2419 1449 2475 et
1466 2431 1524 2491 27:
1545 2410 1651 2491 idque
1671 2408 1782 2484 Mith·
1808 2427 1821 2440 ¹

360 2515 490 2580 ridates
510 2510 744 2580 concessione
757 2511 860 2580 Asioe
873 2513 971 2578 dicit.
999 2514 1061 2579 cfr.
1075 2514 1149 2579 Liv.
1168 2519 1219 2577 33.
1243 2517 1301 2592 435
1322 2520 1356 2578 et
1375 2535 1430 2593 19:
1439 2509 1577 2602 fracto
1594 2510 1780 2598 Philippo.

360 2620 409 2686 ita
427 2622 518 2687 Vatt.
541 2641 570 2686 ι.
592 2642 622 2684 a.
650 2640 698 2684 ae
714 2639 803 2686 moa
817 2614 993 2712 Philippo
1013 2656 1056 2672 -··
1076 2615 1289 2686 Antiochus
1310 2637 1420 2682 vacuo
1437 2618 1516 2680 loco
1535 2619 1628 2683 inter
1645 2627 1782 2680 utrum·

361 2746 429 2810 que
449 2747 571 2792 vocem
594 2726 727 2789 relicto.
755 2724 817 2788 Ed.
837 2725 957 2790 Venet.
977 2728 1033 2790 Pr.
1055 2727 1187 2807 quade
1208 2722 1359 2788 lectione
1383 2741 1457 2786 non
1478 2741 1565 2806 opus
1592 2729 1642 2786 est
1667 2720 1779 2784 fusius
1895 2717 1899 2722 ’

361 2830 543 2909 disserere3
566 2838 692 2898 tracto
712 2833 809 2914 quod
822 2833 936 2896 adhuc
957 2827 996 2893 in
1019 2829 1235 2894 editionibus
1258 2847 1456 2911 expressum
1467 2837 1537 2909 est,
1554 2847 1658 2892 sensu
1675 2837 1780 2907 caret,

359 2936 507 3022 pessime
529 2934 681 3002 Cortius:
702 2941 764 3002 sed
781 2939 912 3003 ‘tracto
932 2935 1077 3000 fortasse
1098 2955 1171 3000 non
1186 2937 1413 3017 mutandum,
1433 2938 1472 2994 ut
1488 2931 1678 3017 significet,
1706 2934 1780 2996 Ro·

360 3061 480 3106 manos
499 3040 704 3123 Philippum
718 3041 859 3126 tandem
874 3043 918 3101 ad
933 3040 1133 3106 societatem
1147 3041 1289 3106 traxisse
1301 3039 1444 3122 ejusque
1456 3058 1562 3122 opera
1579 3038 1701 3103 vicisse
1711 3037 1781 3100 An-

361 3146 528 3211 tiochum.
548 3144 622 3211 Liv.
639 3151 692 3226 39.
712 3165 741 3208 c.
761 3144 817 3206 ι8ι
845 3142 885 3205 id
906 3163 1015 3208 causa
1045 3152 1080 3208 et
1106 3147 1254 3208 consilio
1276 3144 1492 3208 Mithridatis
1517 3143 1637 3229 magis.
1652 3142 1780 3210 servire

360 3251 530 3316 videtur.»
550 3246 725 3312 amnicis
747 3249 912 3310 Taurum
930 3263 1025 3332 agro
1046 3245 1105 3310 cfr.
1123 3247 1278 3333 Ciu-pro
1300 3249 1390 3313 Sext.
1404 3252 1453 3311 26.
1467 3269 1532 3332 pro
1552 3249 1665 3328 Dejot.
1683 3270 1711 3312 e.
1731 3253 1779 3314 1³.

360 3349 434 3434 Lir'.
453 3360 505 3436 37.
525 3355 577 3430 45.
606 3360 643 3416 et
666 3351 708 3420 Χ
728 3345 896 3430 millibus
914 3351 1152 3424 talentorum.
1182 3354 1383 3434 quindecim
1412 3353 1527 3419 millia
1548 3355 1680 3426 habent
1704 3354 1778 3416 Liv.

361 3466 410 3544 37.
427 3462 467 3538 45
489 3466 523 3524 et
538 3456 686 3542 Appian.
702 3459 746 3524 de
761 3456 833 3523 reb.
846 3457 922 3539 Syr.
942 3455 993 3520 38.
1012 3453 1075 3537 qui
1091 3454 1156 3519 hac
1174 3458 1217 3520 de
1231 3477 1270 3521 re
1285 3466 1357 3520 tam
1376 3459 1564 3543 diligenter
1582 3465 1795 3540 exponunt,

361 3576 400 3630 ut
409 3565 563 3631 dubitari
571 3584 642 3627 non
652 3562 770 3650 possit,
786 3561 873 3644 quin
882 3560 949 3626 ista
960 3581 1094 3626 summa
1104 3562 1301 3640 altomanis
1310 3565 1487 3647 postulata
1496 3561 1611 3623 fuerit.
1624 3561 1692 3625 Sed
1700 3581 1779 3624 cum

361 3670 551 3736 Antiochus
562 3690 634 3734 non
644 3669 814 3733 tributum
823 3666 998 3756 integrum
1010 3665 1167 3733 solvisset
1177 3665 1238 3730 cfr.
1253 3665 1328 3730 Liv.
1342 3670 1392 3745 42.
1406 3671 1444 3729 6:
1458 3664 1644 3750 Salustius,
1665 3665 1779 3754 solum

362 3779 458 3860 quod
474 3777 636 3841 amiserat
650 3794 935 3840 commemorasse
951 3773 1099 3848 videtur.
1113 3793 1193 3846 nam
1210 3793 1398 3838 numerum
1417 3785 1534 3837 errore
1553 3770 1779 3836 librariorum

363 3891 563 3968 corruptum
574 3887 645 3947 es'se
654 3882 713 3944 vix
724 3874 851 3968 credas,
863 3882 1054 3966 cumetiam
1063 3883 1156 3966 apud
1163 3879 1450 3965 Eutropiumsm:
1464 3877 1558 3942 idem
1566 3877 1620 3940 sit.
1629 3877 1776 3942 Persen.

362 3991 565 4056 desecundo
577 3991 673 4056 bello
684 3989 909 4056 Macedonico
920 3988 994 4055 Liv.
1009 3988 1033 4051 l.
1047 3993 1185 4068 42-45:
1199 3989 1290 4052 Plut.
1301 3989 1342 4056 V.
1357 3981 1591 4056 Aemil.‚Pauli
1597 3981 1701 4045 Diod.
1711 3981 1777 4045 Sic.

361 4097 456 4158 XXX.
474 4096 565 4161 Flor.
581 4099 625 4160 II.
643 4114 698 4162 12·
712 4104 830 4179 pacto
848 4095 959 4165 vitam
976 4095 1281 4160 dederantLivius
1296 4101 1414 4158 auctor
1428 4071 1488 4158 est.
1505 4091 1605 4172 45.
1572 4089 1609 4152 5.
1631 4087 1778 4151 Paulum

362 4203 597 4288 contendisse,
617 4211 657 4265 ut
670 4223 731 4269 rex
741 4221 776 4266 se
787 4222 916 4285 suaque
926 4202 1044 4265 omnia
1054 4201 1206 4267 infidam
1216 4209 1250 4266 et
1266 4198 1484 4266 clementiam
1494 4195 1617 4285 populi
1626 4195 1778 4261 Romam

364 4292 522 4372 traderet.
544 4304 735 4375 insomniis
759 4305 957 4374 occadere
945 4331 969 4372 1
991 4328 1020 4376 e
1041 4287 1169 4393 avrti?
1187 4310 1231 4373 de
1250 4305 1382 4393 plurali
1399 4303 1460 4370 cfr.
1477 4325 1582 4390 supra
1598 4302 1697 4368 Catil.
1718 4315 1775 4385 27·

1373 4449 1377 4454 .
1406 4419 1429 4465 ιι
1590 4451 1592 4454 .
1660 4449 1662 4455 ,
