4282 5390
1718 430 1766 502 81

362 621 502 686 adversa
517 617 678 706 pravitati
690 617 814 704 ipsius,
831 631 997 704 prospera
1012 619 1058 684 ad
1072 617 1245 699 fortunam
1255 617 1456 704 reipublice
1478 619 1657 684 referebat.
1676 621 1775 685 Adde

358 725 428 789 Cic.
437 747 504 810 pro
518 727 567 788 M.
580 725 746 789 Marcello
758 746 786 789 c.
797 744 826 793 a.
839 740 938 802 -4ι.-
948 725 1312 790 Actaeaeacteae
1327 733 1480 807 tempore
1491 725 1550 787 cfr.
1562 745 1665 808 supra
1673 747 1710 810 p.
1722 728 1770 788 18.

358 839 393 894 et
406 851 454 910 19.
466 813 569 894 virile
577 838 612 894 et
621 829 796 894 muliebre
807 851 919 916 secus,
935 831 1008 895 haec
1020 831 1214 894 veralectio
1224 838 1382 912 recteque
1395 851 1508 892 casum
1524 841 1685 913 quartum
1699 851 1771 896 esse

360 934 479 998 docuit
499 937 590 998 Cort.
610 934 670 997 cfr.
692 934 813 1018 Dictys
833 936 891 1001 VI.
911 957 939 998 c.
956 951 991 1014 4:
1013 939 1142 1000 interea
1164 955 1385 1019 peromnem
1407 935 1557 997 insulam
1579 937 1681 999 multi
1705 959 1771 1000 un-

359 1039 466 1122 dique
489 1040 591 1103 virile
619 1047 654 1104 et
678 1037 849 1104 muliebre
869 1059 966 1106 secus
988 1043 1175 1108 confluunt.
1198 1062 1333 1130 magna
1345 1038 1471 1129 gloria
1494 1041 1518 1103 i.
1538 1059 1566 1104 e.
1587 1041 1771 1140 gloriatio,

357 1143 521 1208 laudatio.
542 1145 612 1208 Cic.
630 1165 695 1230 pro
715 1145 835 1209 Rabir.
856 1147 892 1207 P.
918 1163 973 1223 143
992 1148 1088 1226 quod
1102 1165 1209 1232 genus
1229 1150 1367 1210 tandem
1382 1157 1432 1210 est
1451 1147 1545 1212 istud
1567 1144 1770 1212 ostentatio-

356 1248 411 1312 nis
433 1256 468 1314 et
494 1250 626 1335 gloriae.
649 1250 741 1315 Hirt.
767 1252 801 1313 d.
822 1252 857 1313 b.
885 1251 1047 1314 Africano
1072 1256 1131 1314 312
1166 1253 1315 1337 gloriam
1348 1255 1679 1334 exsultationemque
1702 1251 1770 1314 ali-

356 1355 451 1433 cujus
466 1356 551 1440 pati.
569 1358 680 1420 Plaut.
702 1357 779 1421 Mil.
800 1379 827 1421 1.
847 1379 874 1420 r.
894 1375 949 1421 aas
968 1357 1197 1442 perjuriorem
1215 1363 1283 1425 hoc
1301 1360 1481 1424 hominem
1499 1360 1529 1423 si
1548 1358 1626 1441 quis
1642 1355 1771 1421 viderit
1787 1421 1791 1442 ,

355 1468 414 1522 aut
422 1462 612 1546 gloriarum
624 1461 821 1545 pleniorem
828 1472 891 1527 etc.
901 1463 1083 1530 visebatur
1090 1464 1114 1526 i.
1124 1484 1152 1526 e.
1164 1451 1309 1540 honoris
1326 1474 1360 1528 et
1374 1464 1589 1530 officiicausa
1600 1465 1770 1526 adibatur.
1885 1517 1887 1524 ,

357 1563 417 1628 cfr.
437 1567 562 1631 Donat.
584 1569 784 1644 adTerent.
805 1571 933 1653 Hecyr.
955 1591 983 1630 1.
1009 1591 1038 1631 2.
1060 1573 1134 1631 113:
1163 1569 1274 1633 visere
1298 1567 1405 1632 officii
1435 1579 1515 1634 est.»
1535 1565 1686 1657 cognita
1714 1587 1771 1630 vo·
1808 1563 1811 1568 “

356 1671 502 1736 lantate
520 1672 544 1735 i.
564 1693 593 1738 e.
605 1694 696 1748 vano
710 1675 831 1760 gloriae
848 1674 974 1738 studio.
998 1675 1182 1740 curabant
1197 1666 1246 1728 -ἶ
1258 1676 1347 1738 bene
1371 1683 1404 1739 et
1426 1675 1520 1738 laute
1541 1673 1717 1736 habebant
1736 1677 1771 1734 et

352 1775 584 1859 recipiebant3
600 1778 656 1843 'ita
675 1801 794 1844 curare
805 1789 936 1866 cutem,
951 1802 1092 1866 corpus,
1104 1781 1266 1867 genium,
1286 1802 1339 1860 se3
1362 1781 1472 1843 Plaut.
1489 1780 1611 1841 Pseud.
1628 1794 1657 1854 4.
1670 1799 1700 1856 7.
1713 1779 1770 1850 342

352 1899 388 1944 se
400 1901 566 1965 suamque
585 1893 720 1950 aetatem
735 1888 825 1952 bene
846 1906 980 1969 curare,
1001 1890 1121 1969 edere,
1138 1887 1270 1950 hibere.
1287 1907 1356 1966 per
1370 1885 1493 1946 aalma
1513 1882 1575 1944 cfr.
1591 1881 1666 1946 Val.
1681 1881 1770 1940 Max.

353 2006 382 2064 9·
418 2007 448 2049 ι.
473 1992 527 2066 153
563 1992 606 2053 de
641 1992 784 2055 Metello
804 1990 877 2054 Pio.
917 2033 934 2068 «
950 1993 1038 2052 Cum
1067 1990 1235 2052 Attalicis
1256 1989 1375 2052 aulaeis·
1413 1995 1587 2051 contectos
1621 1983 1771 2068 parietes
1885 2023 1890 2030 -

350 2088 431 2150 laeto
454 2091 572 2153 animo
599 2093 815 2178 intuebatur,
839 2104 911 2156 tum
928 2094 1138 2156 immanibus
1158 2093 1271 2172 epulis
1290 2091 1568 2170 adparatissimos
1592 2087 1771 2166 interponi

351 2191 456 2254 ludos
471 2190 615 2254 sinebat.
635 2197 765 2276 Nempe
787 2204 821 2256 et
837 2196 919 2257 lecti
938 2193 1103 2256 cubitorii
1116 2202 1149 2255 et
1165 2192 1315 2276 parietes
1333 2191 1452 2255 aul-'eis
1469 2189 1714 2271 vestiebantur,
1730 2196 1769 2251 ut

296 2325 299 2332 2
351 2295 504 2359 imitatio
520 2296 751 2360 tentoriorum
768 2298 875 2361 fieret.
902 2299 982 2360 vide
1002 2299 1093 2360 Serv.
1113 2300 1158 2359 ad
1179 2298 1262 2359 Aen.
1278 2298 1304 2358 Ι.
1324 2305 1416 2380 701.l
1437 2298 1530 2358 Cort.
1551 2300 1587 2356 et
1605 2285 1768 2382 insignia

235 2417 240 2428 ·
341 2403 447 2464 baud
457 2400 564 2462 dubie
578 2408 615 2462 et
630 2398 738 2485 signa
753 2399 958 2480 legendum,
977 2405 1072 2476 quod
1087 2401 1289 2460 ciacconius
1300 2403 1465 2479 conjecit3
1486 2403 1660 2463 honorum
1673 2398 1768 2462 enim
1869 2447 1883 2458 .

349 2505 548 2590 insignibus
558 2506 647 2566 aedes
658 2501 817 2568 exornari
826 2522 899 2563 non
906 2509 1075 2584 poterant.
1087 2497 1148 2564 cfr.
1158 2505 1218 2586 Ep.
1227 2504 1364 2585 deRep.
1377 2503 1460 2564 Ord.
1474 2508 1639 2576 «domum
1648 2504 1766 2588 signis,

349 2609 467 2676 auleeis
475 2609 623 2690 aliisque
633 2607 793 2692 operibus
804 2603 1353 2671 exornare.‘’adoscentatr'onem.
1363 2606 1609 2670 scilicetscenae
1618 2618 1766 2670 exstruc—

349 2723 392 2778 tae
405 2724 512 2798 erant,
522 2714 560 2774 in
569 2713 844 2798 quasbistriones
855 2691 1037 2796 prodirent
1048 2719 1203 2794 etpartes
1211 2731 1290 2776 suas
1298 2701 1448 2796 agerent,
1461 2719 1547 2774 utex
1556 2713 1764 2778 altioreloco

350 2818 489 2881 facilius
499 2819 795 2902 conspicerentur3
807 2818 945 2882 cfr.Liv.
956 2811 1006 2897 39.
1018 2817 1307 2898 62'tuncpsaltriae
1317 2817 1627 2896 sambucistriaeque
1637 2826 1670 2880 et
1681 2838 1765 2879 con-

348 2925 475 2988 vivalia
488 2925 673 2987 ludionurn
683 2923 1061 2990 oblectamentaaddita
1072 2911 1201 3006 epulis,
1216 2922 1296 2985 vide
1306 2922 1487 3005 Bulenger.
1497 2924 1540 2983 de
1552 2921 1762 3010 Convinlll.

349 3033 400 3092 3ο.
421 3027 536 3094 simul
549 3050 659 3093 croco
677 3051 807 3111 sparsa
819 3030 1050 3093 humus-ut
1069 3029 1108 3090 in
1126 3027 1266 3090 theatris
1277 3030 1396 3090 Horat.
1417 3030 1478 3110 Ep.
1495 3044 1522 3088 2.
1544 3051 1570 3088 ι.
1590 3048 1647 3106 79:
1666 3035 1760 3104 ¹recte

350 3156 488 3199 crocum
505 3138 674 3217 floresque
689 3134 904 3216 perambulet
922 3135 1007 3196 Attae
1028 3133 1147 3194 fabula
1158 3142 1220 3199 etc.
1241 3135 1343 3215 Prop.
1362 3149 1392 3207 4.
1409 3135 1437 3194 6.
1456 3150 1506 3212 74.
1527 3134 1684 3194 Ceterum
1701 3151 1761 3194 ne·

350 3241 481 3304 minem
492 3238 598 3322 fugit,
612 3241 679 3300 hoc
699 3238 778 3303 loco
800 3257 938 3298 crocum
957 3236 1078 3297 tritum
1100 3244 1134 3299 et
1150 3237 1235 3299 vino
1256 3238 1352 3299 dulci
1368 3238 1520 3300 solutum
1534 3257 1606 3300 esse
1627 3236 1761 3299 intelli-

350 3347 514 3430 gendum.
534 3343 617 3404 St'at.
634 3341 716 3406 silv.
733 3365 761 3404 2.
778 3365 805 3405 1.
825 3345 894 3404 160.
913 3340 1081 3424 Spartian.
1099 3342 1241 3404 Adrian.
1263 3362 1291 3404 c.
1312 3365 1367 3422 193
1396 3346 1467 3426 «In,
1483 3346 1653 3414 honorem
1677 3345 1763 3424 Tra7
1880 3393 1883 3408 ,

328 3449 421 3526 -jani
441 3446 595 3509 balsama
616 3455 650 3510 et
670 3466 808 3508 crocum
832 3466 895 3530 per
910 3449 1036 3531 gradus
1062 3446 1187 3509 theatri
1203 3450 1308 3512 fluere
1322 3448 1457 3526 jussit.l
1477 3456 1680 3510 transenna
1701 3446 1759 3509 de-

350 3551 508 3616 missum.
527 3541 686 3627 ..Servius
703 3560 922 3615 transennam
940 3559 1116 3616 extensum
1138 3552 1257 3616 funem
1278 3553 1533 3636 interpretatur.
1553 3550 1685 3614 Nonius
1708 3549 1761 3612 fe·

349 3667 506 3722 nestram.
534 3661 623 3720 Cum
643 3657 762 3722 Servio
785 3658 873 3721 facit
890 3657 1045 3721 Isidorus
1073 3659 1159 3722 XIX.
1193 3681 1219 3723 1.
1252 3665 1286 3722 et
1314 3659 1486 3722 Plutarch.
1505 3657 1631 3722 Sertur.
1654 3677 1682 3716 c.
1701 3671 1758 3717 221

347 3763 408 3833 nai
427 3759 511 3834 tiam
529 3746 746 3860 πεποιημένω
775 3756 812 3835 lt
833 3749 978 3859 ὁργάνων
997 3749 1180 3861 incipissem
1198 3750 1331 3859 χρύσεα.
1349 3749 1498 3858 apinam
1515 3757 1576 3832 aa>
1595 3744 1758 3855 ςεφᾶνοφς

313 3967 318 3974 ,
348 3868 565 3979 διαφέρουσαι
602 3869 790 3975 κατήγοντο.
820 3887 887 3949 Sed
901 3885 931 3947 si
944 3885 1076 3948 Nonius
1092 3877 1156 3968 per
1176 3886 1360 3950 fenestram
1378 3905 1464 3970 opus
1477 3867 1703 3947 cancellatum
1722 3889 1757 3944 et

346 3989 565 4052 reticulatum
584 3983 785 4072 intellexit,
802 4011 874 4053 non
889 3991 1060 4075 peccavit,
1079 4000 1118 4052 ut
1137 3991 1297 4075 pluribus
1324 3995 1423 4054 docet
1445 3990 1586 4052 Salmas.
1610 3986 1756 4049 Exercit.

347 4091 436 4158 Plin.
456 4116 491 4177 p.
515 4097 586 4169 643.
602 4097 671 4177 647.
691 4095 767 4161 val.
788 4098 877 4158 Max.
896 4096 921 4157 l.
941 4117 970 4158 c.
990 4097 1224 4177 demissusque
1242 4095 1480 4172 lacunaribus,
1501 4111 1644 4159 coronas
1659 4091 1755 4178 velut

349 4197 475 4262 coelesti
505 4199 616 4281 capite
640 4199 867 4282 recipiebat.l
901 4203 994 4263 Cort.
1018 4203 1078 4264 sed
1108 4202 1176 4262 hoc
1201 4200 1279 4260 loco
1299 4207 1501 4262 transenna
1525 4200 1620 4260 haud
1647 4193 1754 4257 dubie

338 4295 472 4390 sunem
490 4303 675 4390 significan
704 4323 786 4368 nam
805 4324 868 4388 per
884 4304 1068 4372 fenestram
1094 4303 1275 4369 demittere
1295 4302 1480 4400 pidiculum
1501 4310 1601 4384 esset,
1621 4308 1655 4364 et
1678 4301 1752 4360 haec

498 4477 515 4517 x
1406 4428 1445 4472 11
