4334 5354
767 695 856 764 cod.
878 699 968 760 6086.
988 695 1076 778 διες.
1097 696 1139 763 Χ
1142 696 1186 764 V.
1207 675 1432 788 CatitsJug.

478 861 514 924 G.
538 882 588 924 no.
607 871 741 944 spectata
763 865 841 924 toret
857 885 898 924 m.
919 896 936 911 -
955 863 1110 928 accidisset
1130 863 1416 926 -dominationis-
1431 867 1569 948 malaque
1587 883 1650 928 esse
1665 867 1722 930 int.
1739 899 1758 918 -
1779 887 1814 932 ea

398 989 503 1032 omnes
519 975 582 1052 jam
598 978 669 1030 ante
684 1003 701 1018 ·
718 971 917 1052 nosmetipsos
938 971 1130 1035 vendicemus
1146 1003 1165 1018 -
1181 981 1256 1054 aput
1274 973 1342 1034 illos
1358 984 1411 1035 aut
1429 972 1483 1034 ubi
1498 1005 1517 1020 -
1536 993 1598 1056 rep.
1610 963 1699 1036 nobii
1710 977 1815 1059 reliq.-

397 1088 503 1152 oontra
522 1077 595 1158 (illis
610 1097 652 1140 m.
667 1077 737 1158 se'c.)
754 1079 842 1140 annis
855 1110 874 1127 ·
889 1099 935 1140 res
955 1079 1021 1161 ipsa
1038 1078 1142 1160 exped.
1154 1078 1245 1162 ·ing.
1263 1090 1307 1141 est
1324 1111 1343 1128 ·
1352 1079 1544 1162 profundunt
1564 1081 1596 1140 in
1610 1079 1687 1142 extr.
1710 1075 1785 1142 meri
1799 1115 1816 1128 -

397 1195 429 1246 et
441 1189 514 1246 nob.
532 1186 601 1247 fam.
619 1205 721 1252 rem.-
733 1185 819 1250 divit.
839 1205 906 1247 suas
925 1219 942 1232 ·
963 1187 1017 1246 illa
1036 1205 1128 1268 quem
1143 1219 1160 1232 -
1182 1191 1276 1248 anim.
1300 1207 1348 1248 me
1368 1188 1448 1248 fallit
1461 1219 1478 1233 ·
1496 1188 1591 1270 magis
1607 1189 1705 1268 parati
1721 1215 1740 1236 ι·
1762 1185 1815 1248 58.

320 1287 322 1294 '
398 1311 518 1354 cansam
540 1294 677 1369 conscilii
695 1294 788 1374 -ipsi
808 1293 955 1374 nobisque
972 1291 1049 1354 clad.
1068 1325 1088 1340 -
1105 1311 1233 1374 praees
1252 1290 1351 1354 urbe·
1368 1293 1573 1376 aperiendum.
1590 1289 1784 1375 Quapropter
1800 1323 1814 1340 ·

398 1402 503 1460 omnia
517 1411 582 1462 tuta
599 1411 688 1462 erunt
703 1433 719 1446 -
735 1419 820 1460 mun.
841 1411 931 1481 etque
948 1402 1049 1460 colon.
1065 1373 1205 1462 [omnia
1226 1398 1280 1460 illa
1297 1400 1417 1463 adversa
1434 1401 1542 1480 fientj-
1555 1398 1705 1483 libertate,
1725 1402 1788 1463 vita
1798 1429 1817 1443 ·

398 1505 597 1588 aggredimini
612 1536 628 1549 ·
645 1517 716 1567 etat.
739 1507 773 1566 in
794 1506 862 1566 exil.
877 1537 894 1554 ·
914 1505 981 1566 feda
996 1501 1187 1566 intoleranda
1209 1505 1280 1568 viris
1301 1507 1363 1570 vid.
1387 1539 1405 1554 -
1424 1527 1514 1568 nemo
1534 1507 1616 1568 enim
1644 1526 1676 1570 n.
1696 1506 1819 1569 victor·

400 1629 471 1670 narn
493 1611 563 1693 iuga
579 1644 595 1656 -
613 1609 661 1671 his
680 1623 724 1672 est
750 1633 827 1672 max.
849 1644 867 1661 -
891 1620 973 1672 tenet
995 1632 1043 1671 me
1068 1643 1088 1659 -
1106 1632 1172 1693 qun
1190 1623 1220 1674 et
1241 1613 1365 1674 timidos
1385 1646 1402 1659 -
1419 1633 1491 1673 nem
1509 1611 1677 1674 multitudo
1697 1629 1736 1670 ne
1758 1611 1819 1669 eir-

401 1733 500 1794 cumy.
517 1744 537 1761 -
558 1736 584 1774 c:
605 1735 634 1793 7.
654 1715 688 1774 in
707 1716 805 1774 castris
822 1735 878 1794 per
898 1715 957 1776 lab
975 1736 1031 1775 usu
1053 1748 1071 1762 -
1094 1717 1166 1799 Jug.
1193 1717 1260 1789 ¹¹4·
1282 1729 1364 1779 etex
1387 1738 1421 1779 ea
1431 1698 1531 1801 temp.
1549 1749 1565 1764 ·
1581 1737 1658 1778 rom.
1681 1717 1817 1777 vinctum

401 1818 512 1878 adduci
533 1851 552 1866 -
582 1819 649 1880 113.
669 1820 727 1900 ipsi
746 1820 856 1899 pariter
875 1823 936 1882 lecti
962 1853 982 1869 -
1012 1825 1099 1883 vultu
1123 1826 1225 1883 colore
1251 1825 1383 1904 corporis
1410 1834 1498 1884 motu
1524 1857 1542 1870 ·
1574 1843 1605 1904 q.
1635 1821 1750 1882 scilicet
1773 1828 1821 1878 ta·

403 1934 488 1986 cente
505 1926 571 2005 ipso
592 1928 710 1985 occulta
727 1927 857 2006 pectoris
876 1928 1018 2008 patefecit
1032 1958 1049 1970 -
1068 1926 1181 1989 accersi
1195 1958 1214 1975 -
1232 1927 1322 1993 insid.
1341 1927 1486 1989 Romanis
1504 1959 1524 1975 -
1541 1925 1666 1987 accedit.
1681 1926 1783 1985 statim
1802 1954 1822 1971 -

403 2033 505 2093 ceteris
516 2031 699 2091 obtruncatis
709 2062 726 2076 ·
744 2030 820 2092 trad.
838 2043 868 2092 et
887 2032 926 2092 ad
937 2033 1093 2094 Marium·
1111 2036 1303 2094 risnellum
1315 2035 1459 2117 componi
1474 2063 1493 2081 -
1508 2052 1575 2114 pac.
1593 2038 1741 2092 conventit
1751 2062 1768 2076 -
1782 2027 1820 2087 de

403 2157 476 2218 pace
490 2138 574 2218 quasi
587 2169 603 2182 -
615 2147 669 2196 ant
678 2156 752 2218 pop.
761 2168 779 2183 -
795 2131 862 2200 113.
873 2139 907 2199 in
914 2135 992 2204 bost.
1003 2148 1178 2220 potestatem
1187 2140 1283 2202 relict.
1296 2171 1316 2188 ·
1334 2139 1402 2200 113.
1415 2149 1446 2201 et
1454 2136 1517 2200 haec
1527 2139 1620 2198 Maur.
1630 2157 1689 2198 sec.
1698 2138 1819 2198 volvens

403 2245 469 2324 ipsc
480 2243 561 2303 din·
581 2253 638 2305 cet.
656 2242 785 2304 andelo
803 2276 822 2293 -
845 2239 914 2306 ui.
927 2244 966 2306 ad
977 2246 1133 2306 casulla·
1146 2249 1266 2308 loeutus
1288 2255 1332 2308 est
1345 2266 1422 2328 -qm
1441 2245 1532 2306 armis
1545 2243 1746 2307 valuisset-in
1769 2259 1822 2323 gra

404 2347 560 2409 habituros
579 2379 596 2395 -
621 2350 744 2409 illorum
770 2367 858 2422 cansa
886 2385 901 2401 ·
926 2351 1095 2414 tradidisset
1114 2363 1150 2415 nt
1168 2354 1216 2414 illi
1245 2383 1265 2402 ·
1293 2353 1357 2414 fore
1381 2350 1473 2413 debit’
1488 2336 1516 2398 ⁵-
1536 2367 1647 2432 negare
1675 2348 1786 2430 agitare
1805 2379 1823 2392 ·

407 2454 492 2537 quib.
505 2463 570 2538 jug.
587 2475 672 2516 carus
689 2487 705 2502 ·
725 2457 866 2517 lenitur·
885 2457 988 2522 aridus
1005 2469 1078 2525 erat.
1386 2450 1389 2454 ’

492 2584 559 2623 uo,
579 2560 633 2622 boi
653 2561 791 2622 deberem
806 2594 825 2611 ·
845 2565 903 2624 tuli
927 2583 1016 2646 opem
1039 2598 1057 2610 -
1081 2564 1202 2648 indigui
1221 2563 1289 2624 -id
1306 2562 1340 2624 in
1355 2562 1553 2624 imminutum
1574 2593 1591 2608 ·
1612 2559 1760 2640 fueritque
1780 2577 1823 2616 m.

407 2670 540 2749 precium
557 2701 574 2716 -
594 2678 650 2728 tnae
669 2669 742 2748 aliq.
759 2671 872 2751 eguisse
892 2667 982 2732 amic.
1001 2702 1019 2719 ·
1038 2673 1119 2735 licet.
1136 2671 1315 2752 peccuniam
1335 2679 1499 2752 postremo.
1514 2703 1530 2714 -
1556 2688 1605 2749 ap.
1626 2677 1655 2727 te
1672 2666 1788 2747 integra
1808 2697 1826 2710 -

409 2793 459 2833 rne
477 2772 589 2832 scienta
605 2772 702 2831 nichil
719 2775 779 2834 vol.
800 2774 906 2833 frustra
920 2801 940 2818 ·
957 2776 1069 2832 sactum
1090 2793 1151 2830 csse
1173 2795 1307 2851 unquam
1325 2809 1342 2824 -
1357 2776 1403 2836 uti
1418 2775 1537 2838 vultis·
1556 2773 1710 2834 mnlucam
1730 2801 1749 2818 -
1768 2788 1826 2828 ne·
1852 2841 1856 2846 .

411 2899 469 2961 que
486 2879 596 2940 intrare
614 2877 711 2937 sinam
725 2908 741 2922 -
759 2874 877 2936 habibis
898 2905 915 2918 -
933 2875 984 2958 93.
1007 2871 1142 2937 tacismdi
1161 2875 1218 2934 tac.
1237 2873 1403 2940 anadrertit
1419 2903 1437 2919 ·
1455 2894 1523 2938 roo.
1542 2878 1575 2934 in
1587 2875 1650 2936 bib.
1673 2880 1708 2936 it.
1779 2879 1786 2892 ‘

412 3137 505 3205 Cod.
527 3139 617 3219 6089.
636 3137 731 3225 sat,
753 3135 862 3202 Catil.
884 3145 921 3201 et
939 3135 1032 3223 Jug.
1053 3135 1141 3199 Soec.
1162 3129 1226 3198 XI
1229 3133 1274 3204 V.
1296 3133 1370 3197 8⁹0.
1392 3128 1555 3224 majore3
1576 3126 1686 3198 initio
1708 3123 1830 3200 Catii

505 3279 506 3284 κ
806 3265 920 3328 usque
940 3243 992 3306 ad
1010 3243 1101 3346 ⁰⁸4²
1124 3236 1249 3306 omnia
1271 3234 1418 3304 omissa.
1519 3323 1528 3340 ·
1607 3254 1614 3270 ¹

456 3430 491 3492 C.
502 3431 550 3492 58.
558 3431 628 3495 hab.
635 3435 807 3517 ego-imp.
816 3434 943 3510 alicujus
951 3433 1017 3494 fieri
1024 3429 1175 3491 -horteris
1182 3463 1197 3474 -
1204 3438 1239 3488 ut
1247 3449 1366 3493 causam
1374 3445 1474 3488 conse.
1484 3423 1555 3504 (mei
1560 3445 1627 3507 sup.
1638 3425 1803 3508 lin.)apper
1810 3463 1827 3475 -

415 3535 495 3604 clad.
518 3541 656 3601 intulerit
663 3563 673 3613 3
696 3540 849 3626 quomodo
871 3575 888 3588 -
912 3540 1033 3620 operior
1051 3570 1067 3582 -
1088 3543 1166 3615 justa
1189 3555 1307 3596 mecum
1321 3534 1392 3592 -in
1415 3525 1462 3590 bis
1484 3533 1545 3592 loc.
1564 3551 1624 3594 esse
1640 3551 1704 3594 non
1719 3553 1827 3616 possu-

416 3663 484 3704 mus
500 3677 519 3692 ·
537 3665 622 3704 mun.
645 3655 733 3726 atque
753 3649 852 3706 colon.
869 3679 885 3691 -
902 3646 963 3706 illis
981 3654 1011 3705 et
1027 3640 1098 3702 nob.
1117 3670 1137 3687 -
1155 3639 1213 3699 Sed
1228 3641 1299 3722 quia
1319 3639 1371 3698 illa
1393 3635 1471 3699 freda
1493 3647 1582 3721 atque
1599 3637 1826 3701 intolerabilia-

418 3767 452 3810 ea
469 3749 620 3811 dementia
639 3761 683 3811 est
697 3784 712 3797 ·
725 3751 802 3812 Nam
819 3754 892 3836 fuga
910 3755 1035 3835 salntem
1052 3747 1124 3808 -his
1136 3740 1212 3816 marr.
1231 3755 1276 3807 est
1290 3744 1381 3826 peric.
1393 3778 1408 3791 ·
1425 3744 1503 3804 facta
1520 3763 1573 3804 rra
1594 3745 1704 3805 extimo
1714 3771 1727 3788 ·
1746 3747 1826 3805 hort·

419 3877 468 3917 me
485 3890 501 3903 -
522 3860 569 3938 59.
592 3859 731 3918 instratos
751 3859 817 3920 ord.
832 3860 896 3918 -in
917 3852 1035 3939 aeqnuni
1052 3856 1110 3914 loc.
1129 3852 1237 3913 deduc.
1257 3883 1276 3899 -
1292 3861 1321 3910 et
1334 3848 1371 3910 ab
1386 3849 1483 3911 destra
1504 3870 1578 3930 rupe
1591 3870 1653 3931 asp.
1668 3880 1687 3896 ·
1706 3849 1740 3908 in
1755 3847 1827 3909 sub-

358 4028 360 4033 ,
419 3960 503 4021 sidiis
519 3965 675 4024 collocat·
695 3969 787 4026 lectos
810 3963 948 4024 homines
973 3969 1003 4022 et
1022 3969 1157 4022 evocatos
1176 3993 1192 4005 -
1208 3959 1242 4018 in
1262 3954 1456 4038 dextraparte
1479 3986 1498 4003 -
1519 3976 1588 4018 cum
1611 3953 1668 4015 lib.
1688 3964 1718 4015 et
1741 3955 1828 4014 colo-

412 4067 480 4128 =niis
493 4100 508 4113 -
518 4089 613 4150 prope
631 4072 725 4152 equit.
740 4071 876 4132 constitit
894 4068 1035 4136 -exalia
1053 4074 1136 4149 parte
1154 4100 1171 4115 -
1185 4073 1275 4147 atque
1293 4083 1350 4147 pro
1370 4063 1428 4124 aris
1449 4063 1521 4123 focis
1537 4063 1597 4122 suis
1613 4094 1629 4107 -
1647 4058 1741 4120 homo
1761 4061 1828 4118 mil.

422 4176 553 4257 emplius
565 4165 583 4224 ἓ·
596 4175 647 4238 60.
666 4177 825 4237 incendere
843 4173 950 4253 jubet·
967 4174 1013 4234 illi
1035 4184 1087 4233 aut
1102 4172 1202 4236 timidi
1216 4204 1234 4220 -
1256 4169 1307 4237 61.
1324 4180 1385 4251 pet.
1403 4169 1485 4235 videt
1507 4168 1561 4231 ubi
1576 4198 1593 4213 ·
1614 4163 1794 4230 contendere
1809 4195 1829 4212 -

413 4285 532 4341 ‘exdan
556 4289 665 4341 eeteros
685 4312 700 4325 -
718 4299 757 4338 ne
774 4281 860 4359 prist.
887 4281 995 4364 dignit.
1010 4313 1027 4326 -
1043 4280 1165 4344 diversis
1184 4276 1421 4344 vulnerib-vite
1442 4282 1642 4364 perpererant.
1662 4269 1734 4352 Jug.
1757 4267 1828 4330 113.

423 4387 510 4446 vultu
527 4387 626 4448 colore
647 4393 734 4446 motu
746 4387 878 4467 corporis
900 4389 1010 4471 pariter
1031 4421 1048 4438 -
1073 4407 1137 4470 qnae
1160 4388 1275 4451 scilieet
1297 4394 1356 4450 tac.
1374 4385 1440 4467 ipso
1461 4383 1579 4446 occulta
1595 4377 1723 4463 pectoris
1742 4385 1827 4458 pate·
