4526 5326
1579 533 1651 606 sos

287 723 333 786 Ἠ.
354 717 398 784 11.
424 742 450 782 ι.
482 716 630 785 vestitas
657 720 804 786 olemtro
832 721 933 786 collis
951 733 983 790 8.
1004 725 1054 801 48.
1087 729 1185 788 vetat
1203 725 1260 788 lex
1280 720 1402 786 Porcia
1422 733 1456 789 c.
1479 725 1527 790 5ι.
1557 733 1657 791 vetus

268 861 272 870 .
292 835 464 894 certamen
476 831 525 907 59.
545 835 676 890 veteres
687 825 816 910 fidique
830 826 972 892 clientes
988 851 1034 911 ¹9·
1054 827 1156 890 amici
1168 839 1200 894 J.
1219 831 1262 891 ι8.
1282 835 1413 904 veteres
1427 837 1461 890 et
1472 829 1580 892 sancti
1590 832 1659 894 viri

290 935 336 996 n.
345 935 388 994 11.
398 947 449 1008 4ι.
463 932 625 1016 prosapia
638 941 670 998 J·
680 936 729 996 85.
744 953 776 995 v.
788 933 897 1016 stupri
909 934 1120 998 consuetudo
1135 945 1169 999 c.
1180 940 1230 998 ab.
1242 941 1400 995 vetustas
1410 932 1552 997 familia
1563 945 1596 1002 J.
1609 938 1657 1000 6³.

256 1037 419 1119 Veron,
440 1039 575 1100 trahere
592 1037 773 1121 pecuniam
798 1049 834 1104 c.
856 1055 907 1099 ao.
934 1037 1092 1101 vexabat
1119 1037 1210 1099 lama
1240 1045 1274 1098 et
1303 1036 1436 1100 invidia
1467 1027 1505 1102 5.
1521 1039 1657 1102 luxuria

201 1141 204 1148 '
291 1149 395 1223 atque
422 1141 565 1204 avaritia
587 1145 615 1208 5.
650 1141 817 1206 vexillum
839 1145 971 1205 donum
1005 1142 1155 1206 militare
1174 1137 1207 1203 J.
1229 1145 1278 1204 85.
1306 1139 1402 1205 victu
1432 1143 1527 1228 regio
1556 1151 1658 1224 atque

293 1247 405 1309 cultu‘
421 1253 553 1310 aetatem
579 1263 680 1330 agere
708 1259 743 1312 c.
770 1272 819 1331 ²7·
841 1245 922 1312 vine
937 1248 1100 1330 corporis
1123 1266 1168 1309 an
1192 1246 1320 1310 virtute
1343 1248 1452 1309 animi
1477 1271 1501 1308 ι.
1535 1239 1658 1333 magua

293 1348 404 1413 animi
424 1358 460 1412 et
479 1369 508 1414 c.
529 1349 597 1413 fuit
619 1354 646 1412 5.
669 1371 794 1436 magna
814 1353 851 1416 ri
872 1356 1012 1417 tendere
1035 1359 1082 1419 60.
1106 1335 1236 1436 partim*
1251 1352 1339 1415 vi-
1352 1353 1530 1415 voluntate
1550 1364 1585 1416 8.
1609 1357 1658 1417 ι8.

291 1454 418 1535 partim
437 1454 485 1530 ri,
505 1454 575 1517 alia
596 1464 690 1518 metu
704 1458 754 1540 89.
775 1476 846 1520 non
866 1477 972 1521 manu
993 1477 1104 1539 neque
1116 1457 1153 1519 ri
1167 1462 1217 1519 5ι.
1239 1465 1366 1538 quanta
1385 1458 1422 1518 vi
1444 1457 1658 1540 rogationem

286 1555 427 1634 jusserit
447 1567 509 1620 etc.
529 1561 580 1630 lo.
600 1561 733 1624 summa
753 1563 789 1624 vi
810 1583 932 1646 capere
952 1563 1102 1626 intendit
1125 1563 1175 1642 89.
1196 1562 1247 1623 vis
1269 1563 1478 1644 serpentium
1500 1562 1548 1622 ib.

256 1656 329 1724 Via
339 1679 421 1724 vera
443 1661 569 1724 nititur
582 1675 617 1729 c.
632 1687 678 1731 ιι.
699 1669 744 1728 ad
764 1667 910 1752 gloriam
930 1667 1068 1730 virtutis
1087 1666 1144 1728 via
1164 1665 1311 1749 grassari
1331 1677 1363 1730 8.
1381 1687 1407 1726 ι.
1431 1666 1584 1744 reliquos
1604 1683 1658 1726 ea-

291 1767 371 1829 dem
391 1766 447 1829 via
467 1785 644 1852 aggressus
662 1775 707 1832 16.
728 1771 780 1834 ire
797 1772 943 1854 primum
965 1771 1041 1844 via,
1063 1789 1132 1850 qua
1153 1771 1196 1830 Η.
1218 1773 1279 1832 ΙΙΙ.
1303 1787 1351 1831 ιι.
1372 1769 1455 1831 solis
1473 1769 1541 1831 viis
1561 1769 1587 1827 Ι.
1610 1771 1658 1839 55.

288 1867 369 1934 vioe
386 1888 551 1954 pecorum
583 1873 750 1938 trucidari
778 1877 893 1947 11·4²·
924 1872 1032 1936 vicem
1055 1869 1170 1935 aerarii
1188 1882 1349 1952 praestare
1369 1875 1430 1934 111.
1458 1895 1503 1935 ιι.
1538 1867 1663 1936 vicini·

291 1980 352 2036 tas
372 1985 410 2040 c.
429 1981 479 2038 58.

255 2073 344 2139 Vici
369 2078 484 2140 omnia
511 2079 684 2162 supplicia
713 2078 839 2142 scelere
858 2073 901 2142 H.
921 2079 989 2141 inc.
1015 2097 1062 2158 ¹7·
1098 2075 1210 2161 gloria
1230 2076 1400 2139 invidiam
1421 2088 1453 2142 8.
1477 2095 1525 2138 ιο.
1547 2078 1585 2139 in
1606 2097 1659 2142 se·
1730 2115 1740 2132 ι

289 2190 376 2241 natu
401 2201 480 2263 pars
505 2181 569 2244 illa
592 2186 638 2246 16.
668 2183 706 2246 in
727 2183 830 2246 avido
860 2183 1003 2268 ingenio
1023 2201 1168 2265 pravum
1189 2180 1372 2244 consilium
1398 2185 1446 2244 25.
1474 2183 1573 2265 plebs
1593 2202 1657 2266 pro

293 2280 390 2348 victa
407 2294 462 2405 pst
480 2280 522 2347 H.
543 2291 600 2348 111.
625 2305 672 2348 aa.
703 2289 795 2349 nihil
816 2289 944 2368 reliqui
957 2283 1064 2350 'victis
1084 2286 1196 2347 facere
1218 2295 1254 2349 c.
1280 2305 1325 2346 ιι.
1352 2282 1469 2350 victor
1489 2285 1659 2348 lubidinis

293 2397 328 2452 et
349 2389 549 2456 divitiarum
569 2399 600 2456 8.
622 2393 673 2458 65.
695 2393 804 2456 victos
824 2393 980 2455 acerbius
1000 2390 1121 2453 ulcisci
1141 2405 1191 2466 42.
1222 2387 1331 2450 bostis
1349 2407 1447 2470 paene
1467 2387 1575 2450 victos
1595 2389 1658 2450 da-

292 2495 390 2574 re59.
411 2495 590 2560 beneficiis
606 2517 783 2581 nunquam
795 2498 924 2560 victum
941 2518 1008 2558 ιοι.
1031 2493 1170 2560 vincere
1190 2511 1322 2556 summa
1340 2492 1499 2554 lubidine
1519 2491 1658 2554 divitias

293 2609 337 2666 0.·
351 2615 400 2662 so.
422 2601 516 2664 bono
536 2601 631 2665 vinci
651 2604 757 2667 satius
777 2611 827 2668 est
846 2622 950 2684 quam
973 2602 1066 2664 malo
1088 2619 1184 2663 more
1205 2597 1368 2677 injuriam
1388 2598 1526 2661 vincere
1552 2609 1584 2662 8.
1605 2613 1656 2672 4ι.

292 2723 371 2767 eum
399 2705 577 2770 beneficiis
607 2729 636 2786 9.
664 2709 814 2772 dicendo
841 2709 889 2772 85.
919 2717 1076 2770 naturam
1107 2707 1157 2788 7⁵·
1189 2707 1240 2782 76.
1280 2703 1416 2762 minore
1448 2701 1657 2764 detrimento

291 2806 373 2872 illos
401 2809 495 2902 rinei
522 2829 626 2889 quam
659 2830 738 2873 suos
765 2812 904 2874 vincere
934 2812 984 2886 54.
1011 2829 1127 2894 regem
1157 2808 1262 2870 armis
1290 2827 1394 2887 quam
1422 2806 1659 2868 munificentia

292 2911 387 2975 vinci
418 2913 533 2976 minus
562 2913 770 2999 flagitiosum
794 2931 863 2975 ιιο.
895 2915 989 2974 haud
1019 2915 1125 2974 dubie
1152 2913 1264 2971 victor
1286 2926 1354 2968 roa.
1385 2927 1449 2988 pro
1471 2908 1660 2970 victoribus

294 3035 396 3100 agere
417 3017 466 3092 98.
498 3016 610 3077 victor
640 3016 806 3078 exercitus
827 3015 877 3076 58.
905 3013 1051 3076 victoria
1076 3014 1116 3074 in
1143 3032 1248 3074 manu
1275 3013 1377 3074 nobis
1411 3020 1460 3074 est
1482 3023 1518 3078 c.
1541 3031 1588 3072 ιο.
1620 3032 1660 3075 ex

292 3111 448 3180 victoria
477 3111 560 3176 talia
588 3115 746 3195 sperabat
769 3121 818 3191 37.
850 3113 1051 3178 varians.
1083 3116 1135 3180 uti
1157 3118 1207 3182 88.
1238 3137 1278 3180 ex
1298 3116 1461 3180 lubidine
1482 3116 1534 3178 uti
1555 3121 1604 3183 la.
1624 3137 1657 3179 v.

290 3227 389 3304 parta
410 3238 455 3281 ex
471 3215 630 3279 manibus
650 3215 799 3298 eripitur
817 3215 867 3277 82.
887 3215 1033 3278 victoria
1072 3238 1186 3283 socors
1206 3229 1265 3284 aut
1285 3221 1438 3308 insolens
1458 3221 1567 3284 iactus
1591 3241 1657 3287 ιοο.

291 3321 560 3409 imprudentiam
579 3322 618 3385 T.
637 3341 702 3406 pro
722 3317 869 3383 victoria
889 3327 1061 3383 ostentant
1081 3326 1120 3386 H.
1144 3327 1199 3390 lv.
1223 3347 1271 3386 ιι.
1291 3325 1449 3388 victoriae
1468 3335 1657 3408 temperare

294 3441 389 3496 cru.
409 3437 469 3492 aut
489 3427 526 3490 vi
546 3437 606 3490 aut
625 3427 717 3491 dolis
737 3445 852 3489 casum
872 3423 1026 3489 victoriae
1045 3425 1201 3490 invenire
1221 3429 1252 3489 J.
1269 3431 1317 3491 ι5.
1338 3429 1517 3490 victoriam
1540 3433 1661 3491 crude-

294 3533 376 3598 liter
395 3553 551 3598 exercere
568 3535 675 3595 ι8.58.
697 3532 887 3595 luctuosam
907 3539 1010 3611 atque
1031 3542 1208 3596 cruentam
1229 3531 1386 3594 hostibus
1407 3530 1605 3611 relinquere
1626 3534 1661 3593 C.

294 3637 344 3700 58.
365 3638 580 3700 incruentam
602 3637 746 3721 adipisci
768 3639 817 3699 61.
837 3655 878 3700 eo
901 3637 1069 3700 intentior
1088 3640 1133 3700 ad
1152 3659 1184 3700 v.
1205 3636 1271 3698 niti
1290 3645 1321 3700 J.
1345 3638 1394 3698 55.
1417 3635 1529 3697 civilis
1548 3633 1659 3697 victo-

292 3739 403 3822 riapi.
425 3762 533 3825 prope
549 3741 622 3818 jam
644 3743 803 3826 adeptam
817 3741 965 3807 retinere
980 3763 1048 3810 101.
1073 3739 1168 3806 victu
1180 3743 1276 3826 regio
1289 3750 1423 3804 aetatem
1445 3760 1545 3825 agere
1560 3753 1595 3805 c.
1610 3745 1658 3820 57.

261 3841 377 3911 Video
408 3849 468 3924 (de
502 3847 599 3909 omni
632 3850 742 3926 sensu)
773 3851 823 3920 io.
858 3849 907 3910 52.
938 3871 985 3911 ιι.
1016 3859 1050 3912 8.
1082 3853 1130 3909 8ι.
1152 3837 1210 3922 84.
1241 3847 1290 3927 85.
1321 3841 1484 3922 H.I.19.
1514 3841 1661 3905 uidetur

295 3951 384 4016 milri
403 3951 530 4014 rectius
551 3963 586 4017 c.
612 3975 638 4018 ι.
658 3951 718 4014 cfr.
741 3958 790 4036 tia.
812 3967 862 4032 49.
883 3953 934 4026 48.
954 3963 987 4018 8.
1012 3967 1059 4027 ι4.
1081 3955 1131 4014 8ι.
1156 3974 1223 4014 ιιι.
1247 3969 1441 4030 essequam
1464 3945 1577 4012 videri
1594 3947 1656 4011 bo·
1693 3985 1698 3992 -

296 4075 360 4119 nus
380 4056 531 4120 malebat
550 4069 585 4124 c.
608 4061 657 4136 54.
679 4058 816 4146 paratis,
836 4067 875 4120 ut
892 4057 1117 4141 videbantur,
1138 4056 1271 4141 magnis
1292 4055 1401 4139 copiis
1421 4058 1471 4129 45.
1496 4047 1658 4116 videlicet

297 4167 346 4226 io.
358 4165 408 4231 51.
428 4172 460 4229 J.
477 4183 545 4241 107.
566 4161 661 4248 viget
681 4163 825 4227 avaritia
845 4176 882 4232 c.
899 4169 927 4226 8.
948 4185 981 4225 r.
994 4171 1083 4246 aetas,
1103 4163 1238 4225 animus
1257 4162 1347 4224 valet
1365 4182 1413 4220 ιο.
1436 4155 1587 4247 vigilare
1607 4155 1660 4221 fe·

299 4266 425 4332 stinare
446 4289 495 4350 ²7·
516 4269 566 4342 54.
585 4267 784 4353 vigilando,
806 4273 939 4354 agendo
960 4288 1123 4354 prospera
1153 4266 1271 4330 omnia
1300 4267 1426 4328 cedunt
1456 4265 1505 4326 52.
1534 4257 1658 4348 vigilia

294 4367 409 4453 prima
427 4373 459 4435 5.
483 4375 551 4436 soti.
579 4372 862 4458 patiensvigiliae
890 4388 925 4442 c.
948 4379 976 4439 5.
1006 4371 1144 4460 vigilias
1164 4372 1292 4436 babere
1315 4389 1378 4454 per
1406 4377 1510 4431 totam
1534 4365 1656 4428 urbem
