4334 5354
322 409 326 418 '
392 429 466 504 536

1195 573 1204 598 ,

394 626 446 688 sed
466 628 488 688 b
507 635 535 688 et
555 645 576 684 ιι
595 626 713 704 punctis
733 629 843 681 notate
871 617 1015 684 Manilius
1036 622 1050 679 i
1069 627 1183 701 puncto
1202 627 1268 682 not.
1288 639 1311 680 z.
1331 618 1456 682 sullanis
1477 621 1604 682 colonis.
1627 621 1640 680 i
1658 640 1724 702 sup.
1745 623 1804 684 lin.

394 753 421 793 r.
441 731 565 794 coloniis
583 731 632 788 br.
652 747 742 808 -a9.-
761 724 915 787 cohercere
933 747 958 788 r.
978 727 1092 787 nullius
1111 725 1164 787 sed
1183 745 1218 788 ue
1237 737 1343 807 punct.
1365 738 1431 795 not.
1451 747 1476 786 a.
1498 733 1566 807 post
1586 724 1695 786 bebere
1708 761 1751 778 -
1770 730 1805 789 in

396 860 423 898 c.
444 834 506 895 haec
526 836 641 916 glossae
662 831 715 910 qui
728 851 797 912 pop.
818 829 884 891 lucc
902 831 1006 891 omnio
1026 831 1097 911 imp.
1115 835 1251 912 poterat,
1272 831 1299 892 si
1318 851 1428 892 neeesse
1448 841 1529 907 esset,
1546 841 1657 912 proter
1673 851 1806 913 procep-

395 949 460 1002 mm
479 938 671 1016 enatorum.)
691 936 965 999 ·do.-Seniusbc.
986 953 1072 997 senus
1086 957 1114 996 x.
1137 936 1175 1002 G.
1192 938 1362 997 manilium.
1377 939 1398 996 ι’.
1419 959 1487 998 cum
1510 948 1625 1019 puncto
1638 959 1663 1000 z.
1683 937 1808 998 molium

395 1044 428 1106 b.
455 1042 663 1108 novembrium
684 1065 728 1104 cr.
750 1056 867 1106 senatus
885 1043 1006 1105 decreto
1026 1042 1076 1102 bx.
1097 1044 1180 1103 missi
1201 1064 1224 1108 s.
1245 1041 1276 1105 b.
1297 1046 1396 1104 missi:
1417 1044 1546 1126 Utrique
1564 1067 1608 1110 ex.
1626 1047 1808 1128 'permissum

397 1161 441 1214 cst
460 1149 490 1210 b.
517 1151 691 1234 calumpnia
711 1171 753 1212 erc
781 1152 944 1233 proemium
965 1169 1005 1210 cz.
1038 1147 1092 1208 lib.
1114 1161 1144 1210 et
1163 1149 1192 1208 S.
1215 1171 1242 1216 c.
1264 1148 1326 1210 bxz.
1357 1163 1387 1210 et
1406 1152 1472 1212 Ster
1503 1151 1631 1212 ducenta
1661 1155 1745 1211 milia
1765 1173 1807 1215 xz.

397 1267 427 1320 et
445 1257 489 1318 St.
509 1255 637 1318 ducente
658 1258 744 1317 milia
763 1279 792 1319 c.
820 1269 851 1318 et
869 1259 974 1320 seeteio
992 1253 1011 1321 't
1031 1255 1159 1316 ducenta
1182 1257 1264 1316 milia
1283 1259 1316 1316 b.
1336 1257 1437 1336 itaque
1465 1257 1529 1320 dec.
1551 1257 1670 1339 gladiat.
1690 1267 1723 1316 ut
1742 1278 1810 1338 sup.

399 1365 456 1428 lin.
476 1383 504 1423 x.
524 1360 616 1444 (iub.
637 1363 670 1422 iu
694 1365 826 1445 margine
846 1361 908 1423 baec
929 1366 1040 1446 glossa:
1061 1363 1245 1422 Sextciorum
1268 1373 1474 1442 numerus-eet
1493 1360 1605 1422 habens
1626 1362 1687 1423 duo
1708 1373 1737 1422 et
1757 1363 1810 1422 di-

400 1467 529 1528 midium
551 1480 581 1528 et
608 1470 802 1550 componitur
825 1489 858 1528 ex
885 1479 1026 1550 corrupto
1048 1477 1078 1528 et
1098 1469 1216 1550 integro
1237 1487 1272 1527 ex
1292 1488 1390 1527 scesco
1412 1479 1476 1541 teo;
1497 1467 1629 1528 Ronraui
1649 1471 1729 1528 enim
1750 1489 1812 1530 ses—

401 1593 462 1647 cus,
483 1592 570 1654 tesca,
589 1593 703 1634 sescum
726 1572 876 1648 dicebant,
897 1576 1038 1635 sexteium
1060 1577 1143 1655 quasi
1164 1575 1400 1650 semistertium).
1422 1573 1523 1633 -31.-
1543 1575 1726 1634 ommissiez.
1748 1577 1812 1655 lege

401 1681 540 1760 plautitia
560 1701 587 1740 e.
613 1679 756 1760 pleuticia
776 1675 823 1742 bx.
845 1678 879 1742 1..
901 1678 991 1738 Paulo
1012 1678 1075 1738 bez.
1102 1678 1301 1738 dissimilandi
1323 1699 1409 1739 causa
1429 1682 1460 1739 b.
1488 1681 1566 1737 sicut
1587 1683 1686 1760 jurgio
1705 1699 1732 1737 x.
1759 1701 1813 1738 vc-

403 1785 449 1844 nit
470 1785 503 1842 in
524 1788 624 1844 semb.
645 1784 737 1843 tulius
748 1781 778 1842 b.
800 1781 923 1842 dimisso
941 1783 1010 1845 r.b.
1031 1786 1182 1864 postulare
1201 1787 1312 1862 patrib.
1324 1805 1350 1844 c.
1378 1783 1463 1864 erupit
1481 1804 1548 1863 sup.
1558 1785 1613 1844 lin.
1623 1805 1648 1842 z.
1668 1806 1699 1864 p.
1720 1786 1814 1864 patri-

403 1887 459 1948 bus
480 1889 570 1968 coepit
591 1909 634 1948 cx.
662 1909 694 1969 p.
715 1908 742 1946 a.
763 1887 872 1968 patrib.
894 1890 986 1969 coepit
1005 1894 1037 1950 b.
1063 1891 1246 1950 incolentem
1268 1910 1295 1948 x.
1324 1891 1367 1948 ita
1387 1908 1416 1946 se
1436 1887 1474 1946 ab
1494 1909 1535 1946 xz.
1566 1907 1663 1968 neque
1692 1889 1815 1948 estima-

404 2004 470 2054 rent
490 1991 522 2061 b.
554 1995 593 2066 in
607 1992 688 2074 pleb.
709 2011 786 2052 rom.
808 2005 901 2054 essent
935 1995 998 2074 (sed
1024 1994 1084 2055 hoc
1103 2015 1219 2056 erasum
1246 2005 1276 2054 et
1296 2015 1363 2074 sup.
1385 1995 1440 2054 lin.
1461 1994 1557 2071 erent)
1588 1997 1621 2053 b.
1657 1992 1815 2056 meledicta

406 2120 499 2181 quum
514 2120 539 2165 z.
559 2098 624 2158 alic
641 2118 706 2179 sup.
728 2101 835 2161 liu.-
855 2119 926 2182 agor
936 2119 1064 2180 praeceps
1078 2119 1105 2160 x.
1126 2103 1216 2160 ruina
1235 2119 1286 2161 rra
1301 2099 1471 2180 extinguam
1486 2119 1514 2159 x.
1535 2100 1627 2158 ruina
1639 2099 1813 2179 restringam

406 2209 470 2266 bez.
491 2215 649 2286 optumum
673 2207 843 2267 sactubcxz.
864 2216 1037 2287 antecapere
1047 2227 1088 2266 cz.
1108 2216 1261 2266 maturant
1280 2226 1307 2265 x.
1330 2204 1368 2263 ad
1390 2215 1481 2265 marc.
1501 2225 1561 2287 reg.
1584 2208 1694 2287 legatos
1716 2205 1814 2263 mittit.

405 2309 437 2372 b.
478 2309 574 2372 -33.-
592 2310 698 2392 patriae
717 2321 846 2392 expertes
865 2331 978 2372 summ:
1001 2312 1156 2392 (dicuntur
1176 2313 1261 2394 quasi
1283 2321 1361 2371 extra
1382 2321 1516 2391 partem,
1538 2312 1590 2391 qui
1613 2320 1714 2370 carent
1734 2319 1817 2390 perte

409 2413 577 2494 communi)
598 2438 625 2477 x.
666 2435 771 2498 corpus
792 2417 878 2478 abere
898 2422 931 2479 b.
962 2424 1086 2496 majores
1107 2418 1154 2476 nri
1177 2439 1220 2481 cx.
1248 2416 1297 2500 (iu
1319 2437 1360 2491 z.,
1382 2419 1435 2497 qui
1457 2416 1508 2477 uri
1526 2413 1634 2496 babet,
1662 2416 1816 2495 rupim.)

409 2524 522 2585 miserti
544 2517 592 2583 bc.
611 2543 665 2584 eerc
687 2525 843 2584 communi
863 2544 891 2582 x.
914 2543 994 2582 com.
1016 2543 1069 2582 rere
1092 2543 1119 2582 c.
1141 2542 1214 2604 saepe
1241 2529 1302 2602 jam
1324 2524 1397 2604 ipsa·
1410 2545 1435 2586 c.
1457 2525 1536 2581 inter
1556 2515 1694 2581 mortales
1713 2523 1818 2579 omnia

410 2640 481 2690 sunt
500 2628 531 2688 b.
562 2631 681 2690 emittat
702 2628 715 2688 ἰ
732 2651 799 2708 sup.
822 2631 877 2688 lin.
900 2649 928 2688 x.
962 2649 1035 2691 neve
1057 2629 1146 2689 nobie
1168 2649 1232 2690 eam
1253 2629 1316 2688 bez.
1356 2628 1458 2702 -34-
1476 2637 1610 2690 senatum
1632 2626 1738 2708 populi
1767 2644 1820 2683 ro-

412 2733 497 2792 mani
515 2753 543 2798 c.
565 2743 699 2791 senatum
722 2732 751 2791 P.
772 2732 810 2793 R.
830 2753 855 2790 z.
876 2735 1007 2792 factione
1029 2733 1050 2792 i.
1071 2754 1136 2811 sup.
1157 2734 1212 2797 lin.
1235 2755 1260 2793 z.
1286 2735 1448 2793 Massiliam
1470 2734 1533 2813 (sed
1552 2752 1649 2792 unum
1671 2734 1683 2790 l
1703 2749 1819 2790 erasum

413 2849 443 2898 et
462 2837 475 2895 i
502 2837 697 2918 adscriptum)
719 2857 741 2899 r.
762 2857 851 2919 quam
875 2858 934 2919 que
953 2841 1068 2897 catulus
1089 2833 1152 2916 (sed
1171 2834 1213 2908 Q.
1235 2855 1300 2916 sup.
1321 2837 1377 2896 lin.
1399 2839 1489 2896 etiam
1509 2842 1521 2894 t
1542 2857 1608 2915 sup.
1631 2839 1686 2897 lin.
1709 2835 1820 2914 adpic-

414 2938 497 3024 tum)
516 2963 542 3005 z.
562 2947 688 3004 catullus
709 2965 736 3008 c.
758 2946 790 3003 in
811 2954 945 3004 senatum
967 2943 1100 3003 recitavit
1120 2962 1161 3003 rm.
1182 2941 1369 3020 scriptume.
1390 2961 1414 3005 z.
1455 2939 1557 3001 -35.-.
1574 2958 1629 2999 suo
1650 2937 1689 3012 Q.
1710 2937 1821 2998 Catulo

415 3069 455 3113 cz.
478 3060 559 3130 grata
582 3069 623 3106 m.
645 3048 740 3129 isup.
762 3051 819 3122 lin,
841 3048 889 3109 bc.
910 3050 981 3109 licet
1000 3069 1098 3110 veram
1121 3046 1149 3108 b.
1169 3049 1303 3135 fructum
1321 3045 1431 3130 laboris
1450 3065 1475 3108 e.
1495 3043 1668 3126 optinebam
1690 3065 1717 3104 x.
1739 3065 1823 3124 pup-

415 3155 506 3212 licam
523 3151 553 3210 b.
571 3135 638 3211 vnon
659 3154 728 3233 quic
748 3152 831 3232 quim
851 3153 904 3214 sed
922 3151 981 3213 boc
1001 3153 1125 3233 punctis
1143 3163 1248 3222 nour.
1269 3155 1381 3216 solvere
1401 3173 1471 3234 pree
1492 3171 1522 3225 s;
1543 3151 1648 3211 alienis
1661 3149 1691 3210 b.
1712 3152 1823 3212 solvere

416 3275 533 3336 possem
556 3255 632 3336 (non
650 3277 717 3340 sup.
734 3258 802 3338 lin.)
817 3279 841 3318 z.
863 3258 914 3319 sed
933 3259 1039 3319 alienis
1061 3260 1141 3336 (cnm
1160 3265 1191 3316 et
1210 3258 1359 3349 supulin.)
1380 3281 1403 3321 z.
1425 3257 1565 3338 indignos
1581 3277 1609 3316 x.
1629 3260 1743 3315 honore
1764 3257 1823 3315 ho-

418 3371 517 3422 nestos
534 3361 564 3423 b.
591 3366 678 3444 plura
698 3364 882 3426 conscribere
903 3386 943 3427 cz.
974 3365 1037 3444 (sed
1057 3366 1090 3424 in
1110 3383 1134 3430 z.
1158 3379 1179 3423 rt
1198 3383 1266 3443 sup.
1286 3363 1359 3442 lin.)
1379 3354 1462 3420 nun'c
1483 3363 1659 3420 oraestiltam
1682 3360 1823 3421 defendas

417 3487 442 3528 a.
464 3469 571 3547 (cetera
591 3490 657 3552 sup.
682 3471 741 3532 liu.
761 3505 802 3522 -
822 3471 924 3532 eadem
945 3475 978 3532 in
1001 3469 1032 3532 b.
1052 3473 1085 3530 in
1108 3471 1242 3550 margine
1260 3466 1419 3547 adscripta)
1440 3464 1558 3526 habeto.
1578 3487 1645 3549 sup.
1660 3467 1716 3527 lin.
1737 3475 1819 3528 coeto

419 3593 444 3636 r.
463 3575 564 3636 -56.-
582 3579 698 3638 reatino
720 3575 785 3638 bcx.
805 3579 934 3638 arretino
954 3595 978 3636 z.
998 3575 1050 3636 sed
1070 3595 1108 3634 or·
1128 3582 1294 3634 correctum
1314 3583 1345 3632 et
1364 3591 1385 3631 c
1404 3590 1470 3650 sup.
1479 3573 1535 3630 lin.
1548 3603 1590 3620 -·
1609 3575 1769 3633 sollicitam
1790 3577 1821 3636 b.

420 3674 482 3742 beec
501 3680 555 3741 ubi
577 3693 727 3764 comperte
748 3695 818 3745 sunt
837 3705 865 3745 x.
895 3682 993 3744 hostes
1011 3681 1056 3741 bz.
1078 3676 1273 3740 multitudine
1295 3675 1326 3757 (i
1344 3696 1411 3760 sup.
1430 3676 1499 3754 lin.)
1526 3661 1629 3738 statuit
1648 3677 1740 3756 (diem
1757 3699 1824 3758 sup.

420 3784 488 3863 lin.)
507 3806 531 3847 z.
553 3787 840 3870 condempnatos-
853 3787 878 3846 is
896 3806 962 3867 sup.
978 3787 1031 3845 lin.
1052 3783 1161 3844 c-is
1181 3783 1245 3847 bor.
1267 3793 1297 3844 et
1316 3787 1413 3844 cicero
1428 3782 1457 3842 b.
1478 3787 1574 3848 risum
1597 3795 1639 3844 est
1659 3783 1826 3843 miserabile

423 3887 454 3946 b.
476 3893 626 3952 obtinetis
642 3914 691 3952 sn.
703 3891 735 3953 b.
755 3893 848 3952 senati
870 3891 993 3950 decretis
1004 3913 1028 3950 z.
1051 3912 1092 3950 m.
1113 3911 1159 3971 pr.
1181 3867 1308 3972 proemio
1322 3911 1362 3950 cz.
1383 3900 1472 3971 atque
1492 3891 1538 3949 uti
1558 3889 1710 3954 tabesbxz.
1730 3889 1827 3967 -37.-

425 3994 641 4070 conjurationis
662 3996 777 4054 suerent
797 3995 858 4055 bxz.
880 3993 980 4075 plebes
992 4015 1034 4060 xz.
1055 4016 1136 4054 man.
1155 4015 1202 4076 pr.
1222 3994 1336 4054 urbana
1354 3994 1437 4077 plebs
1456 4014 1584 4077 praeceps
1604 4003 1666 4054 erat
1679 3991 1759 4055 hcxz.
1780 3993 1827 4072 (iu
1872 4065 1874 4070 Ι

425 4093 456 4155 b.
476 4115 544 4177 sup.
556 4100 612 4158 lin.
633 4099 656 4160 i.
676 4119 702 4158 e.
720 4119 819 4179 prono
839 4099 877 4158 ud
899 4099 1021 4174 malurn
1041 4099 1074 4158 in
1096 4100 1200 4160 eodem
1219 4101 1314 4180 pledes
1333 4123 1374 4162 m.
1395 4101 1452 4184 pr.)
1473 4102 1509 4161 de
1530 4104 1634 4161 multis
1652 4100 1746 4159 causis
1761 4097 1825 4156 bec.

426 4201 478 4261 clii
500 4221 531 4283 p.
552 4201 583 4263 d.
604 4202 657 4281 qui
673 4203 740 4284 sup.
760 4205 816 4264 lin.
837 4224 860 4266 z.
881 4209 935 4288 qui
955 4227 986 4286 p.
1008 4203 1039 4266 d.
1058 4203 1125 4264 ber.
1145 4206 1170 4266 si
1190 4206 1312 4268 victoria
1332 4208 1365 4266 in
1385 4209 1474 4267 armis
1494 4207 1569 4268 soret
1588 4205 1620 4270 b.
1642 4202 1687 4263 hii
1708 4221 1827 4264 romam

426 4326 456 4368 e.
474 4319 508 4372 ut
528 4309 609 4392 regio
629 4331 653 4372 a.
673 4310 795 4394 privatis
816 4309 943 4393 publicis
962 4333 991 4380 x.
1010 4322 1127 4380 senatus
1147 4314 1278 4398 portium
1300 4313 1379 4382 berz.
1399 4313 1468 4378 ideo
1489 4313 1600 4374 malum
1614 4329 1672 4376 err,
1692 4331 1724 4392 p.
1746 4311 1831 4372 mut-
