4282 5390
1714 459 1762 541 35

353 646 462 734 magis
498 661 604 730 quam
633 645 730 712 bello
764 647 936 731 assuetus,
960 646 1116 715 ‘Metello
1148 651 1333 714 exercitum
1371 645 1405 716 et
1439 651 1656 736 provinciam
1682 677 1765 723 con-

352 753 461 820 cessit.
471 750 509 836 θ)

357 889 359 896 -
431 856 599 921 Lucullus
631 875 734 919 cum
732 854 881 920 modica
908 855 1063 920 militum
1095 876 1201 920 manu
1233 861 1278 922 ad
1308 861 1554 926 debellandum
1578 831 1765 951 Tigranem

249 967 254 980 '
349 958 539 1049 profectus,
559 960 857 1044 Euphratejluvio
877 962 1017 1041 trajecto
1037 970 1071 1027 et
1087 963 1184 1050 regio
1201 962 1361 1048 prefecto
1378 969 1576 1050 superato,
1565 990 1764 1036 innumeras

349 1067 505 1134 hostium
525 1066 640 1152 copias
652 1065 751 1132 brevi
769 1075 923 1154 tempore
941 1066 1030 1131 fudit
1051 1066 1251 1155 fugavitque
1280 1080 1314 1136 et
1332 1071 1504 1138 Armeniae
1522 1081 1624 1159 caput
1642 1073 1766 1160 Tigra-

350 1181 527 1238 nocertam
545 1173 747 1260 proditione
757 1175 865 1261 cepit,
886 1174 1083 1256 multosque
1094 1174 1323 1239 finitimarum
1342 1176 1520 1242 civitatum
1532 1198 1630 1266 reges
1650 1176 1690 1243 in
1706 1183 1767 1244 de·

350 1278 480 1375 tiopem
497 1280 639 1365 accepit.
659 1285 747 1344 Nam
763 1289 887 1367 praeter
897 1282 1049 1347 Arabum
1066 1281 1258 1368 principes,
1278 1282 1352 1367 ipse
1366 1285 1520 1370 Arsaces,
1542 1293 1615 1348 tum
1631 1292 1767 1372 tempo·

351 1383 400 1446 ris
419 1404 479 1450 rex
500 1385 756 1469 potentissimus
773 1387 878 1474 Asiae,
907 1388 1040 1474 legatos
1064 1388 1110 1450 ad
1141 1405 1221 1450 eum
1242 1388 1354 1468 misit,
1384 1389 1447 1470 qui
1470 1393 1514 1455 de
1537 1389 1665 1455 foedere
1687 1411 1767 1455 cum

350 1482 517 1554 Romanis
527 1488 709 1576 jungendo
727 1500 878 1578 agerent.
899 1492 1065 1576 Quicum
1084 1491 1215 1554 Punica
1234 1491 1304 1556 fide
1325 1502 1460 1578 ageret,
1481 1503 1515 1556 et
1534 1499 1659 1558 eodem
1679 1504 1767 1560 tem-

245 1583 249 1596 '
350 1613 436 1680 porc
455 1615 535 1659 cum
554 1597 705 1682 Tigrane
723 1600 767 1663 ‹le
787 1597 876 1661 belli
898 1596 1059 1661 societate
1077 1597 1322 1682 pacisceretur,
1343 1599 1509 1662 Lucullus
1528 1599 1665 1664 Parthis
1680 1620 1767 1682 quo-

351 1719 419 1779 quc
438 1701 573 1766 bellum
591 1693 720 1768 inferre
740 1702 892 1789 pararit,
913 1705 973 1766 sed
995 1703 1167 1770 seditione
1184 1704 1355 1784 militum,
1375 1704 1439 1788 qui
1461 1704 1500 1768 in
1517 1705 1629 1768 Ponto
1651 1703 1766 1772 relicti

322 1877 326 1882 ,
350 1811 464 1884 crant,
484 1805 692 1894 impeditus,
711 1809 850 1895 incepto
872 1809 1083 1893 destitit.⁰⁹)

434 2119 472 2196 ⁰)
494 2121 563 2180 cfr.
582 2122 708 2183 Dionis
727 2123 850 2207 fragm.
866 2124 984 2186 Ursin.
1005 2145 1047 2184 ex
1062 2124 1164 2184 libris
1180 2125 1328 2184 XXXIV.
1348 2122 1571 2198 prioribusc.
1589 2122 1768 2184 CLXXVII

352 2226 387 2286 ct
404 2221 601 2287 CLXXVIII
620 2245 649 2282 1.
669 2227 829 2283 Ceterum
845 2229 913 2282 hoc
925 2226 1060 2283 bellum
1075 2219 1444 2282 Antonii'crudelitatc
1465 2225 1499 2282 ei
1514 2218 1658 2284 avarifia
1677 2223 1768 2284 exci-

346 2331 477 2405 tatum,
497 2341 544 2384 ne
560 2329 672 2383 morte
692 2321 835 2398 quidem
856 2319 985 2380 nefarii
1003 2320 1153 2382 auctoris
1168 2323 1326 2385 sedatum
1340 2331 1400 2387 est.
1422 2323 1587 2409 Quamvis
1606 2325 1701 2388 enim
1716 2327 1769 2391 le·

351 2427 423 2515 gati
442 2429 620 2488 Cretenses
648 2424 693 2485 dc
720 2419 859 2499 injuriis
879 2418 1027 2480 Antonii
1053 2420 1174 2481 mitius
1189 2439 1392 2504 responsum
1413 2443 1436 2484 a
1453 2437 1576 2491 senatu
1593 2431 1768 2511 tulissent,

348 2539 465 2598 tamen
480 2527 655 2615 imprimis
673 2524 814 2590 Lentuli
833 2522 1027 2610 Spintheris
1044 2543 1151 2610 opera
1172 2512 1301 2588 factum
1322 2534 1387 2610 est,
1408 2533 1448 2588 ut
1473 2528 1558 2590 tales
1577 2536 1671 2613 pacis
1686 2557 1767 2600 con-

351 2635 501 2703 ditiones
519 2635 563 2699 iis
579 2634 859 2718 imponerentur,
879 2631 1025 2712 quibus,
1052 2630 1145 2694 salva
1160 2629 1341 2708 libertate,
1359 2651 1483 2715 parere
1501 2652 1575 2696 nou
1596 2643 1768 2718 poterant.
1882 2651 1887 2658 ’

266 2807 276 2836 e
351 2742 413 2808 cfr.
428 2739 579 2807 Diodori
596 2738 705 2802 Siculi
729 2737 851 2824 fragm.
870 2737 947 2800 Lib.
968 2737 1142 2802 XXXVIII
1161 2742 1195 2799 et
1215 2737 1364 2800 XXXIX
1383 2739 1483 2801 Tom.
1500 2740 1541 2803 X.
1532 2764 1593 2824 .p.
1615 2759 1684 2804 ara.
1704 2743 1767 2810 Ed,

293 2889 296 2900 ι
350 2846 488 2931 Bipont.
507 2847 667 2910 Ceterum
684 2843 843 2926 sequenti
859 2845 999 2907 demum
1013 2863 1106 2906 anno
1122 2842 1340 2907 Cretensibus
1352 2843 1487 2952 bellum
1498 2837 1604 2909 fuisse
1617 2844 1766 2932 illatum,

352 2970 393 3018 ex
409 2969 507 3016 more
526 2951 624 3014 illius
642 2950 808 3035 temporis
824 2949 907 3012 satis
926 2957 977 3014 est
991 2948 1185 3032 probabile.

432 3055 490 3138 οθ’)
512 3054 579 3117 cfr.
602 3055 692 3117 Plut.
714 3052 849 3117 Lucull.
876 3074 904 3115 c.
925 3057 1058 3132 24-30.
1077 3050 1226 3138 Appian.
1252 3053 1296 3115 de
1322 3053 1358 3114 Β.
1381 3050 1539 3114 Mithrid.
1566 3073 1594 3114 c.
1621 3053 1764 3127 tta-86.

352 3159 477 3226 Dionis
490 3159 612 3245 fragm.
623 3160 736 3224 Ursin.
750 3161 955 3225 CLXXVIII.
966 3165 996 3221 3.
1010 3168 1044 3224 et
1059 3160 1135 3220 Lib.
1151 3158 1282 3224 XXXV.
1294 3179 1321 3220 1.
1333 3175 1362 3219 ι.
1377 3155 1598 3242 3.Ἰ.ἱι.ΕΡίι.
1612 3159 1766 3224 XCVIII.

352 3253 617 3347 «LiLucullus,¹
627 3265 667 3326 in
687 3263 850 3327 Armenia
864 3263 1103 3326 Mithridatem
1113 3270 1148 3326 et
1158 3263 1344 3348 Tigranem
1362 3267 1395 3326 et
1411 3261 1569 3347 ingentes
1583 3261 1764 3346 utriusque

352 3369 445 3456 regis
459 3367 589 3452 copias,
609 3365 770 3450 pluribus
779 3367 912 3450 proeliis
923 3368 1046 3431 fudit.»
1065 3369 1163 3432 Oros.
1174 3369 1468 3453 VI..3.<,praeterea
1477 3367 1643 3432 Lucullus
1654 3378 1765 3430 trans-

353 3491 488 3561 gressus
503 3471 712 3557 Euphratem
724 3480 757 3536 et
767 3471 990 3558 Tigrinapud
996 3473 1277 3560 Tigranocertam
1291 3476 1414 3539 urbem
1428 3496 1507 3539 cum
1520 3474 1719 3536 Mithridate
1729 3483 1764 3536 et

351 3580 502 3666 Tigrane
520 3595 738 3663 congressus,
758 3578 961 3661 parvissima
980 3599 1121 3644 suorum
1142 3599 1266 3664 manu,
1286 3599 1450 3666 magnum
1469 3580 1623 3644 hostium
1642 3595 1765 3641 nume-

353 3705 432 3749 rum
453 3671 588 3748 occidit.
617 3687 704 3747 Nam
721 3683 866 3770 triginta
886 3684 999 3748 millia
1015 3683 1199 3749 hominum
1218 3685 1256 3747 iu
1276 3705 1318 3750 eo
1336 3685 1538 3748 bello‘caesa
1556 3681 1762 3747 referuntur.

353 3791 518 3878 Tigranes
535 3790 594 3855 vix
613 3797 751 3853 centum
769 3797 803 3852 et
819 3789 1074 3876 quinquaginta
1085 3791 1261 3873 equitibus
1274 3791 1458 3855 comitatus
1469 3785 1623 3873 aufugit,
1643 3787 1765 3849 diade·

354 3904 446 3960 mate
466 3903 502 3962 ct
519 3895 623 3980 tiara,
644 3914 688 3959 ne
702 3902 960 3979 agnosceretur,
981 3895 1132 3973 abjectis.
1158 3897 1255 3958 Tunc
1276 3897 1320 3958 ad
1333 3893 1518 3958 Lucullum
1535 3892 1641 3955 totius
1664 3911 1788 3976 paene

354 4000 639 4067 Orientisvenerc
649 3999 766 4086 legati.
771 4000 1022 4084 ’‘EutropiusL.
1027 3980 1082 4068 VI.
1091 4001 1120 4062 8
1131 4007 1204 4081 et9.
1220 4001 1422 4081 ,Susceptus
1435 4002 1550 4061 tamen
1562 3996 1761 4062 estMitbri·

356 4109 449 4172 dates
468 4114 547 4194 post
567 4105 685 4192 fugam
704 4126 725 4168 a
739 4105 904 4191 Tigrane,
924 4107 1095 4172 Armeniae
1115 4125 1210 4192 rege.
1233 4105 1295 4188 qui
1315 4112 1390 4164 tum
1409 4099 1545 4188 ingenti
1563 4102 1705 4189 gloria'
1694 4122 1762 4163 rm·

356 4213 514 4298 perabat,
535 4214 652 4277 Persas
676 4231 770 4296 saepe
784 4211 929 4296 vicerat,
950 4209 1234 4296 Mesopotamiam
1254 4217 1493 4294 occupaverat,
1513 4217 1547 4272 et
1569 4207 1706 4293 Syriam
1726 4218 1760 4268 ct

357 4315 689 4430 Phoenicespartcm.
708 4319 799 4406 Ergo
817 4317 981 4386 Lucullus
989 4324 1147 4403 repetens
1159 4315 1295 4380 hostem
1305 4311 1473 4400 fugatum,
1496 4311 1601 4380 etiam
1615 4325 1759 4394 regnum

1435 4427 1459 4472 ἢ
