4282 5390
349 472 475 557 Ι88

423 681 526 762 quod
540 701 606 769 ego
620 695 680 744 vos
698 697 767 746 oro
789 670 901 761 atque
917 677 1065 744 obsecro
1087 676 1132 743 P.
1150 675 1191 744 C.
1214 669 1274 739 uti
1291 666 1603 737 animadvortatis
1624 691 1696 736 neu
1712 674 1841 758 patia-

422 782 520 862 mini·
533 795 599 849 etc.
620 791 716 869 quod
736 807 777 851 eo
793 786 902 872 magis
915 785 1029 849 risum
1049 793 1099 848 est
1114 781 1318 862 adscribere,
1335 785 1375 841 ut
1395 797 1436 842 ex
1457 777 1600 856 hujusce
1619 787 1653 842 et
1668 779 1840 844 similium

420 893 657 974 exemplorum
666 891 1051 976 collationeperspieere
1062 887 1466 975 possitjuventus,quam
1474 882 1529 946 sui
1538 882 1843 972 similisSalustius
1962 901 1966 910 '

417 994 457 1058 in
473 997 619 1058 lristoria
632 998 796 1079 ubique.»
817 1000 943 1061 Douza.
964 989 1244 1068 necessitatibus
1267 1025 1310 1040 -
1329 985 1563 1052 necessitates
1585 990 1709 1054 eodem
1733 1010 1837 1054 sensu

421 1100 521 1164 Catil.
540 1123 597 1183 173
615 1103 752 1167 Sueten.
764 1105 844 1167 Caes.
869 1081 925 1167 683
947 1102 1073 1167 famem
1090 1107 1125 1163 et
1145 1106 1273 1162 ceteras
1287 1095 1699 1180 necessitatestantopere
1713 1096 1839 1160 tolera·

418 1204 481 1267 bat
507 1207 554 1270 id.
581 1191 659 1271 Tib.
679 1224 733 1290 47.
763 1209 854 1273 Plin.
876 1211 961 1294 Epp.
981 1209 1010 1270 6.
1037 1227 1072 1287 9,·
1095 1203 1166 1267 alio
1191 1223 1298 1266 sensu-
1317 1202 1386 1266 Cic.
1411 1204 1455 1265 de
1478 1197 1576 1264 offic.
1602 1223 1629 1264 1.
1652 1203 1681 1266 5.
1700 1209 1734 1266 et
1757 1203 1837 1266 Tac.

400 1311 590 1378 ‚Annalem
611 1331 669 1392 ιτς
691 1335 772 1397 quse
786 1336 863 1379 non
883 1315 928 1377 ab
954 1309 1134 1378 hostibus:
1155 1307 1351 1393 Calaguris,
1374 1304 1516 1382 Clunia,
1535 1305 1721 1385 Dianium,
1742 1308 1837 1370 Uxa-

416 1436 493 1489 ma,
520 1420 624 1498 Osca,
652 1425 810 1498 Termes,
837 1420 956 1501 Tutia,
988 1419 1032 1479 ab
1056 1405 1215 1480 hostibus
1231 1414 1445 1479 tenebantur.
1473 1412 1527 1474 ad
1551 1407 1838 1476 internecionem

416 1520 635 1587 vastavimus
662 1526 722 1588 cfr.
745 1525 915 1588 Ammian.
938 1522 1090 1586 Marcell.
1112 1523 1162 1584 28.
1178 1524 1238 1582 332
1267 1509 1521 1601 Leptitanoque
1543 1534 1629 1600 agro
1651 1522 1685 1578 et
1707 1514 1837 1580 Oeensi

412 1623 626 1693 interneciva
654 1630 883 1714 populatione
916 1627 1118 1700 transcursis
1150 1625 1211 1689 cfr.
1237 1644 1341 1708 supra
1369 1623 1446 1685 Lib.
1472 1623 1517 1682 ΙΙ.
1545 1622 1595 1682 28.
1631 1614 1834 1684 internecio

414 1737 526 1796 terrae
549 1735 694 1819 dicitur,
721 1759 801 1800 cum
819 1747 854 1801 et
873 1738 976 1800 urbes
1001 1733 1262 1813 exscindantur,
1290 1738 1324 1794 et
1346 1715 1509 1813 agrorum
1527 1726 1677 1790 cultores
1699 1725 1832 1788 tollun-
1918 1765 1922 1770 -

413 1841 481 1900 tur.
500 1839 561 1900 cfr.
583 1822 720 1904 Colum.
741 1859 772 1920 4.
802 1860 859 1905 aa:
889 1845 934 1905 ad
956 1839 1231 1905 internecionem
1253 1835 1372 1899 vineta
1393 1834 1590 1918 perducere.
1612 1831 1833 1894 maritumas

413 1941 489 2004 vat.
519 1965 546 2004 ι.
568 1946 798 2012 maritumas
811 1943 993 2030 civitates,
1021 1947 1123 2008 ultro
1142 1937 1248 2007 nobis
1267 1937 1433 2022 sumptui
1454 1934 1645 2020 onerique,
1665 1935 1714 1998 ita
1733 1935 1833 1997 Cinc-

410 2048 504 2110 conii
529 2050 632 2125 libri,
664 2062 698 2116 et
722 2054 812 2120 Edit.
832 2057 973 2121 Veneta.
1003 2049 1157 2118 Vaticani
1184 2067 1257 2112 non
1284 2047 1516 2142 consentiunt.
1551 2045 1620 2106 Sed
1642 2041 1765 2106 Latine
1781 2040 1832 2102 ita

319 2135 323 2142 ¹
394 2147 482 2210 -dici
505 2171 605 2232 posse
627 2176 729 2218 nemo
750 2163 868 2242 negat3
900 2158 965 2220 etsi
988 2158 1115 2237 quihus
1141 2161 1235 2220 hunc
1259 2152 1430 2234 loquendi
1452 2171 1549 2214 usum
1573 2150 1723 2211 illustrat
1749 2148 1832 2208 Cor-

409 2251 482 2316 tius
502 2260 824 2344 exemplis,1omnia
851 2262 967 2326 aliena
987 2272 1085 2338 suut;
1110 2263 1211 2327 ultro
1241 2259 1264 2322 i.
1289 2279 1320 2323 e.
1342 2259 1485 2343 insuper
1505 2255 1566 2320 cfr.
1591 2256 1727 2318 Terent.
1746 2254 1830 2331 Eun,

409 2363 440 2425 5·
462 2373 491 2434 4·
516 2384 569 2427 21:
589 2366 716 2440 <<etiam
744 2370 837 2432 ultro
866 2369 1018 2432 derisum
1050 2367 1228 2430 advenit».
1248 2373 1281 2426 et
1299 2367 1426 2425 Donat.
1447 2365 1492 2422 ad
1514 2365 1548 2422 h.
1570 2362 1595 2420 l.
1625 2353 1750 2421 Gallia
1771 2376 1830 2418 su-

297 2496 303 2501 ·
402 2491 552 2553 pertore
566 2494 665 2535 anno
677 2469 826 2536 Metelli
838 2469 1038 2529 exercitum
1054 2469 1201 2541 -vide,
1222 2482 1299 2538 quae
1311 2483 1414 2542 supra
1429 2486 1463 2541 p.
1487 2487 1499 2534 ,ι
1504 2485 1535 2540 9.
1547 2463 1777 2543 exposuimus.
1794 2467 1829 2524 et

407 2595 507 2636 nunc
538 2576 648 2635 matis
666 2567 864 2654 fructibus
903 2565 983 2648 ipsa
1013 2563 1072 2631 vix
1108 2560 1233 2651 agitat
1268 2562 1328 2648 cfr.
1356 2563 1477 2647 fragm.
1510 2584 1579 2644 seq.
1616 2569 1728 2649 supra
1749 2586 1827 2650 pag.
1871 2619 1874 2626 .

408 2679 456 2736 15.
494 2683 528 2734 et
557 2677 607 2751 57.
644 2669 738 2732 mali
768 2668 919 2752 fructus
954 2671 1041 2732 falso
1073 2671 1225 2732 Cortius:
1260 2678 1423 2753 <<propter
1454 2667 1828 2733 difficultatem·anno-

313 2831 314 2836 ,
406 2798 480 2859 nae,
505 2784 647 2860 propter
677 2774 836 2858 inopiam
865 2773 1014 2858 frugum.
1067 2774 1123 2835 Sic
1154 2775 1284 2858 passim
1315 2777 1414 2840 malae
1446 2795 1501 2839 res
1533 2796 1597 2859 pro
1631 2773 1753 2858 inopia
1794 2781 1829 2837 et
1900 2819 1909 2838 .

403 2884 505 2976 bonae
527 2902 592 2964 pro
622 2880 821 2942 divitibus.»
848 2880 916 2941 Sed
942 2878 1158 2940 laudandum
1185 2886 1257 2941 erat
1278 2880 1374 2964 Virg.
1400 2882 1524 2965 Georg.
1550 2899 1579 2942 a.
1609 2885 1678 2957 243.
1693 2882 1826 2974 'malus

273 2983 292 3001 ‘
406 3010 497 3078 ager
518 2996 552 3051 et
570 2988 692 3048 Salust.
711 2984 809 3047 Catil.
832 3005 881 3046 21.
901 2985 1003 3046 mala
1019 2977 1095 3068 res,
1117 3003 1194 3068 spes
1209 2985 1320 3047 multo
1336 2985 1531 3077 asperior.»
1550 2985 1683 3048 scilieet
1698 2989 1766 3048 hoc
1786 2987 1825 3056 iu

405 3092 606 3176 universum
635 3091 764 3152 dicitur
784 3092 827 3153 de
847 3089 994 3167 cujusvis
1013 3091 1072 3164 rei,
1089 3112 1212 3172 parum
1228 3112 1393 3175 prospera
1409 3091 1625 3154 condicione.
1644 3093 1728 3152 lam
1745 3112 1824 3153 cum

405 3206 525 3259 auctor
556 3196 629 3278 ipse
659 3194 753 3257 infra
782 3193 920 3259 biennii
953 3194 1243 3258 infecunditatem
1278 3204 1546 3280 commemoret,
1583 3197 1714 3260 fructus
1745 3197 1825 3262 coeli

405 3301 571 3384 temperie
596 3302 706 3363 malos
728 3310 761 3362 et
782 3307 961 3383 corruptos
980 3299 1085 3362 fuisse
1110 3319 1174 3383 per
1192 3319 1228 3362 se
1250 3311 1355 3383 patet.
1374 3339 1417 3352 -
1436 3300 1766 3392 transgredientur.
1781 3342 1823 3357 -

404 3406 475 3482 ,ita
496 3406 620 3489 optimi
637 3405 743 3488 libri,
765 3408 861 3487 quod
886 3426 958 3467 non
976 3406 1052 3468 sine
1071 3405 1274 3468 temeritatis
1298 3415 1381 3469 nota
1406 3409 1613 3471 recentiores
1633 3418 1820 3473 mutarunt.

404 3493 700 3598 transgredietur
712 3512 751 3572 in
767 3511 871 3574 Editt.
885 3511 1040 3586 Gruteri,
1058 3509 1177 3588 Parei,
1195 3510 1381 3573 Carrionis.
1399 3508 1530 3592 ‘Verum
1541 3512 1682 3574 Parisiis
1698 3523 1731 3576 et
1741 3517 1821 3576 Am-

402 3607 585 3708 stelodami
604 3619 682 3696 1674
695 3625 730 3677 et
749 3618 826 3696 1675
846 3615 919 3678 cusi
937 3626 970 3678 et
983 3618 1066 3680 Cod.
1085 3614 1221 3676 Balliol.
1238 3613 1553 3701 transgreditur?
1568 3619 1603 3676 C.
1613 3621 1709 3697 quod
1722 3622 1818 3682 Was-

366 3776 369 3783 .
402 3721 473 3784 sius
493 3722 618 3784 melius
642 3729 759 3804 putat,
781 3742 859 3782 cum
878 3723 1067 3784 absurdum
1084 3720 1138 3782 sit.
1157 3722 1240 3784 Hac
1261 3719 1445 3802 Pompeius
1462 3720 1639 3786 addidisse
1659 3723 1816 3809 videtur,

374 3884 376 3890 .
401 3847 473 3889 non
492 3830 586 3920 quod
607 3829 645 3890 in
663 3826 780 3888 animo
800 3826 942 3904 habuit,
974 3827 1034 3888 sed
1055 3845 1126 3905 quo
1144 3824 1310 3902 majorem
1330 3826 1461 3888 senatui
1486 3835 1589 3909 atque
1616 3831 1817 3895 consulibus

401 3941 569 3994 terrorem
587 3931 761 4008 injiceret,
791 3931 923 4014 quippe
946 3932 1009 4012 qui
1031 3930 1083 3994 nil
1104 3929 1214 4014 magis
1232 3929 1420 4008 timebant,
1442 3953 1545 4013 quam
1568 3957 1612 3999 ne
1632 3938 1816 4022 Pompejus
1873 3997 1877 4008 ,

401 4037 550 4096 Romam
568 4054 721 4098 reversus
733 4036 921 4118 imperium
934 4045 1054 4099 contra
1068 4035 1305 4098 Mithridatem
1321 4037 1468 4100 Lucullo
1481 4038 1638 4123 eriperet.
1650 4045 1711 4108 cfr.
1724 4045 1813 4110 Plut.

400 4139 535 4202 Lucull.
559 4139 587 4201 5·
620 4147 654 4201 ef
674 4141 799 4203 sertor·
829 4163 859 4209 ο.
882 4157 932 4202 2¹·
969 4124 1136 4237 Hopnvi'or
1175 4125 1212 4210 ii
1250 4137 1335 4235 artai
1361 4146 1541 4225 sammua
1580 4135 1814 4245 ivaxtvpoioat

400 4253 588 4362 μοχθηρῶς
615 4257 673 4330 ’ὑπ’
702 4258 940 4360 ἀχρηματίας,
967 4246 1113 4357 γρᾶφῖεν
1131 4249 1215 4355 neit
1241 4248 1294 4347 riv
1314 4248 1500 4356 sianum
1530 4263 1573 4348 ὦς
1603 4253 1731 4357 inita
1760 4260 1813 4344 riv

400 4364 530 4484 spariv,
552 4384 576 4454 ti
593 4368 643 4482 ui
652 4367 814 4479 πέμποιεν
833 4367 984 4476 ἀργύριον
1003 4379 1104 4481 ἀντῷ.
1125 4371 1408 4474 Karavattuuivas
1419 4378 1490 4484 γοὶρ
1504 4368 1614 4476 iduati
1623 4387 1724 4464 aisti
1733 4420 1811 4488 προ-
