4334 5354
1627 497 1695 571 581

291 689 351 753 haec
367 709 435 773 pars
448 700 483 751 ut
494 658 610 773 reliqui
624 691 769 771 correcta)
789 724 808 745 ε
825 709 911 775 agros
930 691 1040 751 vallare
1055 720 1072 737 -
1093 689 1268 773 intelligit-
1287 691 1333 751 uti
1356 722 1373 737 -
1395 689 1595 754 adulescentes
1607 724 1627 739 -
1646 711 1700 754 ru·

290 817 358 858 mor
378 795 499 858 demens
513 829 534 846 -
554 807 588 858 ut
601 798 717 879 optimo
734 817 855 879 quoque
869 827 885 844 ·
908 794 948 856 ob
967 795 1083 857 easdem
1101 797 1171 857 artis
1190 828 1209 844 -
1234 800 1282 859 ab.
1296 793 1393 856 Africa
1409 796 1561 858 decessisse
1577 829 1597 845 -
1622 800 1699 860 arri-

290 923 358 987 gere
368 934 384 949 -
399 903 445 964 uti
457 921 536 983 per·
553 903 623 964 dein
636 903 765 965 Romam
778 938 792 952 -
806 915 855 976 aa.
868 903 960 983 patris
974 901 1332 966 mathemacis-verum
1342 922 1426 962 nunc
1437 911 1565 963 vestrum
1583 904 1674 962 armis
1683 936 1700 950 ·

292 991 399 1090 quanti
420 1009 537 1070 fecerat.
562 1009 636 1091 quid
655 1020 697 1072 est
715 1011 855 1071 relictum
877 1008 966 1070 nobis
990 1043 1009 1060 -
1045 1031 1063 1070 a
1088 1029 1149 1091 quo
1179 1029 1298 1072 movere
1319 1009 1413 1090 possit
1433 1032 1452 1062 ‘-
1472 1008 1584 1090 privata
1605 1008 1700 1092 gratia

289 1113 397 1176 devicit
412 1145 430 1162 ·
452 1116 571 1197 inquis
595 1116 653 1176 fuit
675 1145 690 1158 ·
709 1113 845 1196 rapiebat
865 1135 907 1174 m.
926 1134 972 1195 pr.
994 1146 1014 1163 ·
1033 1116 1155 1176 armatis
1173 1147 1195 1160 ·1
1214 1126 1311 1196 coepta
1331 1117 1377 1175 illi
1400 1115 1530 1176 ministri
1548 1127 1569 1161 ’-
1583 1111 1700 1194 (multa
1741 1143 1743 1147 v

287 1222 322 1280 in
336 1219 549 1304 orthographia
557 1221 702 1303 peecata)¹
711 1223 744 1283 in
764 1222 830 1303 quis
843 1222 902 1284 tuit
922 1252 941 1270 ·
956 1235 1065 1285 secreta
1079 1223 1227 1306 transigit.
1241 1221 1303 1284 NB.
1313 1231 1429 1304 partem
1442 1214 1465 1280 'a
1484 1218 1580 1281 scriba
1593 1219 1698 1278 misere

287 1319 457 1409 &arreptam
469 1330 602 1389 conferre
616 1329 720 1402 nolui,
740 1347 832 1408 usquc
848 1327 886 1387 ad
904 1349 971 1412 cap.
1000 1339 1050 1404 41.
1077 1329 1185 1394 verboz
1220 1327 1393 1391 dilacerato·
1412 1325 1465 1387 ubi
1489 1303 1617 1400 desinii3
1649 1325 1700 1384 in-

288 1434 362 1513 cipit
383 1453 450 1515 pam
475 1437 598 1494 alterius
619 1432 739 1494 Codicis
758 1433 863 1518 iudea
883 1457 949 1518 cap.
970 1436 1019 1502 52.
1044 1436 1135 1499 verbo
1154 1435 1340 1498 certabunt·
1363 1431 1531 1514 intellegere
1548 1462 1568 1479 ·
1588 1428 1699 1512 integri

286 1535 402 1599 abdunt
425 1537 470 1599 m.¹
484 1547 541 1599 sec‘.
560 1539 678 1601 abeunt.
699 1539 849 1619 (Ceterum
870 1545 944 1603 ulter
954 1541 1042 1619 liber,
1063 1549 1149 1623 culus
1160 1563 1261 1625 pauca
1278 1553 1374 1626 partes
1390 1550 1514 1616 exstant,
1533 1537 1699 1600 accuratius

205 1659 208 1666 ’
286 1645 428 1724 scriptus)
448 1627 514 1704 sessi
530 1647 650 1728 laetique
674 1649 792 1708 -.velut
812 1646 907 1708 hostes
925 1648 1083 1712 adventure
1099 1680 1118 1693 -
1137 1649 1313 1716 detrectant.
1339 1647 1387 1710 51.
1409 1651 1441 1710 in
1456 1645 1550 1711 isdem
1571 1645 1701 1706 castris-

285 1745 422 1810 hortatur
444 1751 492 1831 (ut
510 1773 551 1810 m.
572 1773 631 1814 sec.
648 1771 715 1835 sup.
740 1751 808 1830 lius)
828 1753 869 1810 'ad
890 1731 991 1812 aetem
1009 1782 1028 1800 -
1044 1738 1098 1811 ubi
1122 1757 1258 1830 gentium
1282 1764 1357 1810 essct
1375 1763 1427 1813 aut
1450 1751 1525 1834 qnid
1541 1751 1667 1832 agitaret
1683 1777 1702 1790 ·

285 1871 371 1916 nemo
390 1855 525 1917 omnium
547 1841 674 1918 numida
688 1892 703 1907 ·
722 1857 799 1935 regis
815 1855 971 1912 etiamtum
992 1853 1128 1910 animum
1144 1884 1162 1896 -
1184 1849 1268 1932 quod
1284 1869 1348 1908 non
1367 1869 1452 1928 posse
1469 1883 1488 1896 -
1507 1855 1667 1908 inimicum
1682 1845 1701 1894 ’-

168 1999 173 2006 a
283 1955 440 2032 hostibus,
461 1965 577 2018 minora
600 1991 620 2007 -
641 1957 807 2038 gerundum
825 1986 842 1999 -
862 1954 988 2035 puberes
1008 1953 1174 2028 interfecit,
1194 1948 1426 2031 jubet-isdem
1444 1951 1598 2030 locisque
1627 1945 1700 2030 (qus

285 2057 350 2118 aad.
366 2079 472 2119 manus
490 2079 557 2139 sup.
572 2058 641 2136 lin.)
661 2067 820 2123 venturum
837 2090 856 2111 ·
877 2068 1050 2141 temptara-
1072 2057 1224 2140 cognoscit
1232 2055 1270 2152 ¹(v
1283 2073 1349 2134 sup.
1363 2052 1430 2132 lin.)
1446 2051 1571 2114 numida
1593 2051 1699 2134 (agunt

285 2179 352 2248 sup.
364 2163 430 2242 lin.)
450 2173 556 2246 gerunt
568 2195 586 2212 -
599 2168 698 2246 picem
719 2162 866 2246 'sulphure
880 2161 909 2225 ei
927 2155 1000 2225 teda
1021 2163 1145 2224 mixtam
1166 2161 1283 2224 ardenti
1298 2189 1318 2208 -
1334 2159 1476 2242 proelium
1497 2159 1543 2238 (ex
1565 2179 1606 2219 m.
1627 2158 1699 2237 sec.)

173 2327 175 2332 ,
284 2268 488 2351 spectantibus
506 2302 526 2318 -
548 2271 709 2351 quiverunt
728 2303 745 2320 ·
766 2271 897 2332 frustrati
917 2281 992 2332 sunt
1008 2270 1108 2332 minus
1125 2300 1142 2313 -
1164 2269 1217 2329 Sin
1240 2264 1370 2328 numida
1388 2298 1402 2313 ·
1424 2266 1481 2340 (m.
1503 2263 1562 2346 pr.)
1579 2265 1701 2324 clamo-

284 2392 347 2436 rem
369 2377 416 2438 vcl
438 2377 603 2436 tumultum
624 2387 693 2436 -et
714 2397 748 2437 ca
769 2374 831 2437 buc
852 2386 883 2436 et
903 2377 978 2438 illuc
998 2409 1014 2422 -
1036 2377 1061 2435 is
1086 2377 1120 2435 iu
1141 2395 1176 2436 ea
1198 2367 1281 2456 parte
1296 2405 1316 2421 ·
1336 2369 1470 2432 abierant
1487 2368 1610 2450 (abeunt
1630 2389 1703 2451 supa
1783 2429 1790 2438 ,

285 2480 352 2560 lin.)
373 2481 481 2541 accersi
499 2478 585 2559 jubet
601 2513 617 2526 -
635 2479 767 2564 agitabat
779 2512 798 2528 -
814 2483 905 2543 fretus
925 2481 983 2542 diis
1006 2501 1092 2563 agere
1109 2479 1324 2562 ·eaplu·ndum
1342 2508 1361 2525 -
1381 2479 1470 2540 alima
1484 2508 1504 2524 -
1518 2474 1668 2538 faciundis
1679 2501 1699 2521 .-

284 2586 329 2646 vir
348 2594 487 2668 appetere
508 2605 572 2646 nou
588 2585 716 2648 audebat
730 2621 746 2635 -
761 2585 905 2671 indignus
921 2585 1081 2648 baberetur
1097 2593 1128 2646 et
1149 2585 1234 2668 quasi
1250 2587 1384 2668 pollutus
1402 2615 1421 2632 -
1437 2592 1571 2666 tempore
1589 2589 1699 2644 contu·

284 2689 389 2750 bornio
406 2725 423 2739 -
436 2695 578 2753 exercitus
591 2693 615 2753 si
628 2691 688 2753 sibi
706 2727 723 2741 ·
740 2695 937 2756 contumelias
954 2693 987 2754 in
1006 2693 1215 2774 imperatorem
1230 2720 1247 2735 -
1263 2691 1311 2751 uti
1332 2709 1449 2750 romam
1468 2719 1487 2736 -
1498 2687 1665 2748 Mamiliam
1681 2713 1700 2730 ·

284 2793 332 2858 lta
347 2795 443 2858 Mario
468 2809 575 2860 cuncta
595 2799 764 2883 procedere.
804 2801 930 2867 Interim
947 2819 1017 2872 cap
1031 2798 1090 2851 136.
1110 2795 1171 2851 1²0⁶
1190 2797 1225 2848 in
1239 2793 1334 2851 'verbo
1352 2823 1372 2838 ··
1390 2788 1467 2848 liber
1484 2788 1604 2848 doinst·

285 3077 375 3144 Cod.
401 3074 537 3138 Scluat.
567 3065 662 3134 Bibl.
688 3065 939 3158 Sangallenais
965 3071 1036 3147 864.
1061 3021 1152 3134 Ιὃαῑο.
1172 3067 1243 3136 XI.
1269 3063 1398 3140 insunt
1415 3061 1579 3138 Horatii
1596 3069 1699 3153 σάω,

325 3179 512 3260 Lucanus,
533 3169 641 3238 Libri
658 3173 852 3251 Amorum,
872 3170 1053 3256 Antiquae
1072 3167 1269 3257 scriptume
1289 3171 1335 3236 ab
1361 3167 1472 3238 initio
1488 3193 1615 3256 pauca
1644 3195 1698 3238 vc·

325 3276 449 3369 eligia.
470 3279 555 3345 Fol.
581 3279 668 3342 min.
687 3277 892 3366 ‚Iugurthae
912 3275 1007 3362 pare
1036 3278 1148 3368 deeuti
1175 3279 1303 3344 multoe
1327 3280 1494 3368 plagulae
1514 3274 1555 3343 in
1577 3273 1695 3344 medio

853 3379 949 3448 libro
970 3379 1124 3452 amisse.

364 3590 429 3653 Cat.
450 3587 547 3672 Atque
566 3588 736 3652 obedientia
756 3589 844 3652 linxit
855 3621 873 3638 ·
885 3592 1012 3650 alterum
1026 3611 1096 3652 cum
1118 3590 1176 3652 diis
1192 3623 1211 3640 ··
1226 3590 1328 3652 deberi
1347 3587 1462 3652 efficere
1477 3588 1620 3652 -auxilio
1643 3590 1696 3660 inq

287 3697 368 3780 diget
378 3727 396 3744 -
409 3706 573 3780 nansegcre
586 3731 603 3744 -
616 3698 702 3758 bona
720 3697 790 3790 artis
805 3725 824 3744 ·
838 3694 868 3758 3.
881 3707 1032 3758 auctorem
1050 3730 1067 3746 -
1083 3696 1211 3760 astudio
1220 3729 1240 3746 ·
1254 3699 1350 3758 multa
1367 3699 1446 3760 mala
1461 3696 1581 3760 adversa
1592 3726 1610 3743 ·
1624 3715 1694 3758 cum

286 3805 470 3884 reliquorum
490 3823 532 3866 m.
554 3823 613 3866 sec.
629 3834 649 3850 -
669 3805 820 3864 intentam
844 3811 958 3864 atatem
977 3822 1062 3886 agere
1084 3825 1142 3864 -a
1165 3823 1226 3887 quo
1240 3806 1364 3886 incepto
1386 3802 1515 3864 studio.-
1531 3802 1560 3889 ei
1581 3812 1695 3864 metu*

286 3919 375 3991 atque
396 3927 489 3991 pravo
507 3941 527 3956 ·
545 3908 643 3991 adque
664 3908 878 3971 incredibilia·
893 3907 1034 3989 Reipubl.
1053 3909 1210 3992 capiunda
1228 3913 1372 3972 misserat
1389 3939 1406 3954 ·
1420 3927 1516 3990 pauca
1527 3927 1624 3990 supra
1646 3926 1697 3968 re-

285 4024 385 4097 petere
401 4046 420 4063 -
436 4015 547 4094 trojani
565 4015 598 4074 in
617 4005 734 4075 initioss
753 4035 783 4076 ec
799 4015 945 4077 convertit
963 4048 982 4063 -
1002 4016 1037 4077 in
1050 4019 1151 4078 matris
1172 4036 1225 4099 per
1247 4015 1380 4078 laborem
1400 4035 1486 4078 usu·
1501 4015 1544 4076 sic
1566 4034 1596 4076 se
1609 4014 1694 4095 qnis-

287 4141 345 4203 que
368 4152 385 4166 ·
410 4117 549 4180 honestas
569 4119 721 4182 habebant
737 4151 756 4168 -
773 4123 807 4180 in
828 4121 914 4182 omni
936 4139 967 4180 re
989 4123 1111 4185 fortuna
1132 4121 1298 4185 -celebrat
1321 4131 1350 4185 et
1365 4120 1507 4184 obscurat
1520 4153 1541 4168 -
1560 4120 1693 4180 estimo·
1747 4142 1749 4148 ·

186 4269 189 4275 ·
287 4247 315 4286 c.
339 4227 367 4286 8.
396 4227 449 4308 qui
470 4245 504 4285 ea
527 4227 620 4288 fecere
639 4257 659 4274 -
678 4235 823 4307 quantum
843 4245 912 4304 eae
936 4235 1077 4308 optumus
1101 4227 1175 4288 -ab
1198 4228 1265 4288 aliis
1287 4247 1340 4288 sua
1364 4226 1518 4289 benefacta
1540 4221 1655 4286 laudari
1679 4253 1694 4268 ·

287 4329 390 4412 scqne'
403 4342 433 4393 et
459 4331 673 4414 rempublicam
699 4329 905 4415 gubernabant
929 4365 942 4380 -
967 4331 1154 4396 vindicatum
1178 4334 1214 4394 in
1243 4352 1293 4395 eos
1320 4361 1339 4383 -
1361 4336 1514 4416 neglegere
1531 4361 1550 4378 -
1570 4327 1693 4411 propina
