4334 5354
396 519 475 621 574·

396 711 566 793 hospitibus
582 709 674 788 (regis
693 730 759 788 sup.
781 708 849 787 lin.)
869 739 887 756 -
922 721 968 784 14.
988 709 1039 770 sed
1060 707 1085 772 si
1107 729 1141 772 ea
1162 706 1355 772 desideranda
1375 717 1459 772 ¹orant
1478 739 1497 758 ·
1524 711 1596 770 sunt
1616 728 1633 770 a
1652 708 1736 776 robis
1757 731 1806 776 re·

396 815 474 896 repti
493 846 511 862 -
531 815 660 874 instituit
681 815 844 874 amicitiam
865 849 882 863 -
904 816 956 876 ‘sed
977 816 1014 876 ad
1031 817 1256 898 ‘impetrandum
1279 815 1317 898 (si
1335 837 1401 898 sup.
1422 816 1489 894 lin.)
1510 815 1659 876 -hucine
1680 820 1807 900 micipsa

395 932 479 1004 pater
498 953 515 966 ·
542 940 742 1000 nunquamne
762 922 877 981 familia
898 922 979 1001 (ergo
1000 927 1066 1003 sup.
1087 923 1155 1002 lin.)
1177 925 1341 982 incolomes
1359 954 1378 969 ·
1407 935 1487 983 ratus
1507 931 1552 982 est
1572 909 1769 1002 conjunctum
1786 951 1808 972 υ

396 1039 447 1089 aut
467 1034 527 1108 quo
547 1027 737 1107 potissimum
766 1059 783 1074 ·
812 1033 836 1088 si
858 1028 931 1109 quid
952 1049 985 1088 ex
1005 1029 1168 1109 improviso
1190 1029 1263 1090 mali
1283 1062 1300 1075 ·
1327 1038 1379 1089 aut
1398 1029 1475 1112 regis
1502 1057 1521 1077 -
1551 1028 1591 1088 ob
1612 1039 1695 1092 'rram
1716 1028 1806 1116 amic.

387 1135 467 1194 ianr.
492 1135 565 1193 nra.
587 1132 776 1193 oboedientia
806 1167 824 1179 -
852 1135 946 1216 gravis
976 1155 1079 1216 poenas
1098 1157 1128 1180 ·-
1167 1135 1214 1195 15.
1243 1135 1446 1216 aequisivisset
1472 1165 1492 1180 -
1520 1144 1659 1214 praeterea
1687 1117 1806 1195 senatus

395 1259 504 1320 magna
525 1258 593 1318 pars
610 1272 630 1287 ·
660 1227 784 1300 emilius
800 1259 916 1299 scaurus
932 1245 953 1286 '-
988 1242 1064 1320 vicia
1083 1261 1136 1299 sna
1156 1273 1173 1286 ·
1205 1241 1251 1300 16.
1274 1219 1422 1321 aggressos
1440 1271 1457 1285 -
1482 1231 1699 1299 'mauretaniam
1721 1249 1806 1319 «17.
1880 1317 1882 1322 ,

396 1343 433 1403 de
454 1331 500 1403 liis
521 1344 603 1406 haud
623 1346 690 1404 -in
712 1355 794 1425 parte
815 1346 905 1405 tercia
925 1377 944 1392 -
971 1347 1005 1404 in
1026 1345 1186 1405 occidente·
1202 1346 1253 1419 (ab
1273 1366 1339 1426 sup.
1362 1345 1429 1424 lin.)
1449 1377 1468 1392 -
1488 1346 1696 1426 inportuosnm
1719 1377 1736 1390 -
1756 1362 1808 1402 ar-
1851 1419 1858 1426 .

394 1448 464 1508 hori
483 1451 851 1538 infecundus-animalia.
873 1451 893 1509 i.
915 1461 1061 1531 serpentes
1083 1451 1165 1510 dicit.
1188 1470 1283 1531 nsup.
1297 1450 1353 1510 lin.
1376 1447 1453 1531 (hac
1472 1453 1567 1532 glossa
1588 1451 1620 1509 in
1634 1459 1806 1509 contextum

396 1567 514 1636 recepta
534 1567 563 1616 et
583 1557 647 1617 ead.
667 1578 760 1616 mann
780 1557 902 1636 scripta)
916 1587 934 1602 ·
957 1558 1004 1616 18.
1024 1556 1111 1616 libies
1127 1591 1143 1603 -
1164 1557 1236 1636 q'nas
1257 1575 1317 1614 nox
1337 1557 1472 1636 coigerat
1484 1589 1501 1603 ·
1516 1566 1550 1642 ‘et
1571 1577 1622 1637 pse
1643 1567 1672 1616 et
1692 1554 1807 1614 armeni

378 1662 489 1742 ‘magis
509 1681 602 1742 usque
623 1665 718 1725 alveos
731 1697 747 1710 -
767 1663 926 1733 lateribus3
949 1673 1027 1722 tecto
1049 1663 1273 1742 quasi‘narium
1286 1695 1303 1706 -
1323 1681 1358 1720 ac
1378 1649 1481 1740 postea
1501 1661 1807 1740 numidiae'propter·
1830 1663 1832 1668 ’

397 1765 545 1845 possidere
566 1786 598 1823 ea
619 1771 685 1823 loca
706 1796 722 1810 ·
750 1775 794 1844 192
818 1763 1020 1821 multitudinis
1041 1765 1246 1838 diminuendo
1265 1766 1357 1843 gratia
1378 1764 1471 1842 (domi
1491 1786 1557 1846 sup.
1578 1744 1645 1842 liri.)
1666 1776 1695 1824 et
1715 1765 1808 1823 aliis·
1895 1817 1898 1820 .

397 1869 430 1924 in
452 1885 504 1926 ora
519 1870 665 1924 maritima
680 1897 698 1912 -
717 1867 755 1926 ad
776 1865 985 1926 cathabathom
997 1899 1015 1913 -
1028 1885 1122 1946 nsque
1144 1865 1181 1924 ad
1203 1879 1423 1944 mauretaneam
1435 1901 1455 1916 -
1475 1884 1525 1926 20.
1546 1868 1694 1952 hostiliter
1713 1872 1808 1928 loca·
1878 1885 1881 1888 ·

398 1972 501 2031 dolore
521 1959 689 2050 permotum
712 1969 892 2030 atherbalem
914 2004 930 2016 -
953 1991 1001 2032 ar.
1021 1981 1171 2052 patratum
1195 1972 1270 2031 leret
1288 1970 1402 2030 bellum
1421 1988 1575 2031 -·romam
1598 1973 1635 2032 ab
1651 1973 1807 2044 ¹atherbale
1905 2031 1909 2040 ,

397 2091 447 2138 22.
470 2065 736 2156 quodyronsa-'ut
757 2057 796 2135 ab
815 2079 931 2157 optimo
945 2078 1057 2156 -quod
1076 2079 1164 2158 plura
1176 2107 1193 2119 -
1212 2075 1296 2136 sua'rn
1318 2077 1416 2135 minus
1438 2080 1561 2137 tolerare
1583 2073 1808 2156 injuriam-“ad

397 2183 537 2246 virtutem
559 2184 668 2262 erigere
688 2215 706 2228 -
726 2183 829 2273 littera
849 2214 868 2230 -
899 2182 947 2252 al.
971 2204 1017 2241 me
1038 2182 1231 2264 extinguendi
1252 2183 1359 2244 invasit
1377 2173 1511 2242 -acrius
1529 2203 1654 2265 urguear
1674 2185 1725 2262 (m.
1746 2183 1809 2263 pr.)

297 2317 305 2324 ·
398 2287 572 2351 dehortatur
593 2310 641 2347 me
660 2320 679 2336 -
699 2309 716 2347 a
737 2310 797 2368 quo
820 2289 930 2350 moveri
950 2293 1046 2369 possit
1065 2321 1083 2336 -
1104 2308 1207 2372 mepx
1227 2285 1366 2348 manibus
1385 2318 1405 2335 -
1424 2287 1474 2348 25.
1495 2286 1542 2348 his
1563 2291 1668 2348 litteris
1688 2324 1704 2334 -
1724 2296 1809 2353 sumj-

330 2475 333 2482 ι
399 2415 447 2452 ma
469 2416 527 2477 ope
546 2394 675 2453 nisum·
697 2405 726 2452 et
746 2405 809 2454 tum
831 2405 923 2458 senat:
943 2395 1081 2475 princePs
1103 2393 1181 2474 (sup.
1201 2393 1259 2454 lin.
1277 2390 1437 2475 genitivus)
1459 2414 1594 2482 narem-
1614 2395 1723 2482 litteras
1744 2393 1809 2452 ad·
1869 2455 1872 2460 ,

397 2499 532 2576 rapiebat
550 2531 570 2548 ··
591 2497 660 2578 (sed
681 2500 739 2556 tuit
757 2494 875 2581 signum
899 2483 1117 2560 terminationis
1138 2518 1176 2558 us·
1195 2519 1261 2579 sup.
1283 2499 1350 2578 lin.)
1370 2497 1520 2560 conducta
1539 2520 1631 2558 manu
1654 2499 1729 2579 (sup.
1751 2501 1809 2557 lin.

399 2602 454 2678 di.)
476 2635 495 2648 -
514 2607 609 2663 senati
628 2604 721 2664 verbis
743 2637 760 2652 -
783 2605 833 2664 26.
854 2607 878 2664 si
900 2605 1103 2666 adversaretur
1121 2639 1137 2648 -
1164 2605 1259 2686 italici
1279 2613 1452 2663 censuerant
1471 2637 1488 2650 -
1507 2606 1701 2686 n‘agatiatores
1720 2635 1739 2649 -
1758 2604 1812 2660 in-

399 2707 513 2761 terfecit
532 2734 549 2774 .·
569 2727 617 2782 ²7·
640 2710 731 2781 jurgis
753 2707 789 2782 (i
804 2727 869 2784 sup.
890 2707 961 2787 lin.)
982 2711 1018 2773 L.
1037 2709 1130 2767 bestia
1152 2711 1308 2787 calpurnio
1330 2710 1467 2793 numidia
1487 2741 1505 2754 ·
1531 2710 1579 2774 28.
1601 2709 1703 2768 omnia
1723 2707 1813 2768 veni-

400 2827 462 2866 10-
474 2808 518 2865 uti
539 2805 598 2863 illis
611 2839 628 2849 -
640 2815 669 2862 ct
687 2808 780 2862 senat.
800 2803 918 2890 decreto
930 2823 1012 2882 -pel'
1032 2813 1145 2859 italiam
1158 2813 1272 2882 regium
1290 2843 1307 2856 -
1328 2813 1493 2890 pugnando
1515 2815 1639 2892 coepit.
1649 2832 1699 2888 29,
1722 2831 1812 2872 scau·
1836 2822 1845 2828 ’

400 2932 468 2972 rum
480 2921 631 2990 acceperat
639 2945 654 2956 -
666 2929 769 2990 vagam
784 2907 821 2988 (c
833 2927 897 2988 sup.
909 2905 984 2986 lin.)
999 2914 1107 2964 secreta
1123 2908 1264 2986 transegit
1276 2919 1428 2986 -satyram
1439 2942 1455 2954 -
1467 2909 1516 2969 5ο.
1529 2917 1730 2990 probarentne
1741 2927 1814 2974 tan·

400 2993 465 3078 tum
487 3017 634 3098 flagitium
656 3001 753 3094 patres
773 3013 894 3072 solliciti
915 3023 1000 3071 erant
1020 3031 1058 3069 an
1074 3011 1223 3070 decretum
1239 3013 1368 3071 consulis
1387 3012 1587 3073 subverterent
1607 3035 1713 3094 parum
1736 3001 1812 3078 con-

401 3123 653 3184 stabat-monere
674 3141 704 3200 p.
725 3141 749 3182 r.
771 3141 809 3177 ne
829 3152 848 3165 -
868 3107 989 3177 obrioxii
1011 3106 1169 3183 inimicisss
1180 3097 1241 3176 hacc
1259 3097 1332 3178 talia
1352 3119 1412 3178 sint
1424 3153 1447 3198 ¹-
1466 3121 1512 3179 uti
1528 3129 1634 3178 contra
1655 3121 1779 3199 injurias
1796 3159 1812 3169 -

403 3251 444 3287 m.
463 3224 539 3288 futiri
555 3225 661 3286 eaedem
672 3221 796 3283 -·'multi
810 3225 906 3284 necati
916 3235 987 3284 sunt
999 3256 1015 3270 -
1031 3225 1064 3282 in
1083 3223 1208 3303 imperio
1222 3226 1285 3283 nati
1303 3255 1320 3266 -
1339 3218 1592 3290 inmani'avaricia
1603 3257 1622 3272 ·
1636 3245 1692 3304 pro
1707 3229 1808 3288 moni

403 3344 506 3392 mento
526 3331 633 3394 habeat
658 3367 674 3377 -
704 3342 765 3390 tam
786 3311 867 3388 tutus
888 3341 930 3390 est
958 3362 976 3376 -
1005 3349 1061 3408 cpe
1083 3325 1218 3388 nitimini
1241 3327 1354 3410 (osup.
1375 3329 1443 3396 lin.)
1471 3331 1562 3412 magis
1584 3330 1710 3391 dedecus
1732 3342 1775 3411 est
1794 3367 1810 3378 -
1828 3398 1841 3404 ⁵

401 3449 485 3520 parta
508 3441 642 3497 omittere
664 3458 755 3519 quarn
768 3467 784 3482 ·
803 3437 878 3496 dicit
898 3437 1006 3516 aliquis
1019 3469 1038 3483 -
1058 3436 1208 3496 oboediens
1228 3437 1284 3495 erit
1303 3467 1321 3482 ·
1340 3435 1377 3492 ad
1398 3455 1509 3515 paucos
1529 3439 1659 3515 potentis
1676 3469 1693 3483 -
1711 3425 1807 3524 rirur'n

392 3544 672 3625 'flagiciosissimnm
693 3577 708 3588 -
736 3553 886 3623 postremo
906 3543 941 3604 in
963 3552 1023 3601 tam
1046 3541 1163 3602 diversis
1183 3575 1199 3586 -
1229 3542 1300 3601 civis
1322 3559 1387 3601 rros
1407 3573 1421 3586 ·
1444 3541 1493 3600 32.
1515 3535 1588 3623 saepe
1611 3542 1773 3603 indicendo
1793 3577 1810 3590 ·
1879 3565 1889 3570 ·

367 3691 371 3696 ,
402 3647 566 3709 accersebat
593 3684 608 3694 -
627 3649 800 3711 'venderent
826 3679 842 3690 -
872 3647 981 3707 cassius
1001 3666 1046 3726 pr.
1068 3650 1180 3726 perlata
1200 3647 1352 3726 rogatione
1385 3679 1401 3691 -
1431 3645 1479 3708 55.
1500 3667 1582 3708 more
1603 3653 1750 3710 malorum
1771 3649 1810 3709 de

388 3753 486 3818 „hoste
507 3789 522 3800 -
542 3775 608 3816 vera
629 3757 755 3833 aperiret
774 3785 793 3798 -
814 3752 863 3817 55.
886 3773 918 3810 ea
938 3762 999 3811 erat
1020 3762 1192 3831 tempestate
1212 3784 1231 3799 -
1251 3753 1381 3809 minutio
1401 3754 1501 3812 rufum
1514 3759 1536 3799 -’
1550 3753 1810 3837 jugurthamq'ue-

401 3865 485 3920 mala
505 3863 585 3919 fama
610 3891 629 3905 -
653 3860 677 3916 si
697 3859 730 3916 in
750 3858 783 3915 id
799 3861 908 3937 'partim
935 3887 954 3904 -
980 3855 1019 3914 ad
1040 3855 1140 3915 cedem
1162 3858 1277 3937 parati,
1298 3860 1388 3936 paulo
1410 3859 1609 3938 inconsultius
1630 3895 1646 3905 -
1674 3856 1810 3918 animad-

403 3965 492 4025 vertit
507 3996 523 4010 -
543 3964 696 4041 popularis
718 3942 814 4020 metus
834 3997 850 4007 -
870 3961 921 4044 37.
945 3982 979 4020 ex
999 3972 1171 4041 tempestate
1190 3982 1280 4021 rernae
1300 3997 1316 4007 -
1335 3985 1363 4042 p.
1382 3967 1402 4022 l.
1423 3967 1553 4025 lucullus
1571 3999 1590 4012 ·
1619 3959 1714 4026 tocius
1735 3965 1809 4048 anni

404 4067 557 4150 comitia·
577 4067 721 4126 adductus
742 4065 860 4125 albinus
879 4101 890 4113 ·
910 4078 945 4126 ut
964 4089 981 4126 a
1003 4062 1182 4127 conficitindi
1196 4089 1221 4112 -·
1233 4067 1455 4148 expedicionem
1476 4080 1602 4131 evocat·
1622 4071 1735 4152 magnis
1747 4055 1810 4128 iti-

392 4172 526 4235 ''neribus
545 4207 562 4218 -
581 4174 723 4252 planicies
745 4175 876 4232 limosa·
896 4173 946 4233 58.
967 4184 999 4237 at
1018 4161 1157 4256 jugurtha
1178 4175 1349 4234 manifestus
1370 4175 1491 4236 -vades
1513 4173 1594 4255 (haec
1614 4195 1648 4234 ex
1668 4193 1733 4252 cap.
1758 4173 1809 4234 55.

403 4265 529 4360 repetita
556 4278 606 4337 sed
625 4298 671 4358 pr.
692 4301 733 4338 m.
755 4279 861 4366 deleta)
882 4315 898 4325 -
928 4279 1070 4339 subdolus
1092 4287 1153 4358 ejus
1174 4299 1279 4362 augere
1298 4312 1317 4327 -
1346 4271 1636 4344 locaoxtramites'-
1656 4268 1805 4336 ¹albinum

403 4405 455 4466 spe
473 4415 492 4432 ·
518 4385 650 4468 partium
671 4388 717 4445 uti
738 4373 952 4468 transfugerent
970 4421 988 4434 -
1006 4386 1100 4470 albini
1122 4397 1213 4448 castra
1233 4419 1251 4434 ··
1271 4390 1405 4448 tumultu
1424 4385 1553 4468 perculsi
1574 4383 1696 4463 insolito
1715 4415 1734 4432 ·
1754 4379 1809 4443 atti
