<?xml version="1.0" encoding="UTF-8"?>
<!DOCTYPE html PUBLIC "-//W3C//DTD XHTML 1.0 Transitional//EN"
    "http://www.w3.org/TR/xhtml1/DTD/xhtml1-transitional.dtd">
<html xmlns="http://www.w3.org/1999/xhtml" xml:lang="en" lang="en">
 <head>
  <title>
</title>
<meta http-equiv="Content-Type" content="text/html;charset=utf-8" />
  <meta name='ocr-system' content='tesseract 3.04.00' />
  <meta name='ocr-capabilities' content='ocr_page ocr_carea ocr_par ocr_line ocrx_word'/>
</head>
<body>
  <div class='ocr_page' id='page_1' title='image "./ccrispisalustii01sallgoog_0358.png"; bbox 0 0 4334 5354; ppageno 0'>
   <div class='ocr_carea' id='block_1_1' title="bbox 395 451 466 532">
    <p class='ocr_par' dir='ltr' id='par_1_1' title="bbox 395 451 466 532">
     <span class='ocr_line' id='line_1_1' title="bbox 395 451 466 532; baseline -0.07 1"><span class='ocrx_word' id='word_1_1' title='bbox 395 451 466 532; x_wconf 77' lang='lat'><strong>552</strong></span> 
     </span>
    </p>
   </div>
   <div class='ocr_carea' id='block_1_2' title="bbox 395 634 1810 1050">
    <p class='ocr_par' dir='ltr' id='par_1_2' title="bbox 395 634 1810 1050">
     <span class='ocr_line' id='line_1_2' title="bbox 395 634 1808 728; baseline -0.009 -13"><span class='ocrx_word' id='word_1_2' title='bbox 395 653 477 716; x_wconf 89' lang='lat' dir='ltr'><strong>diam</strong></span> <span class='ocrx_word' id='word_1_3' title='bbox 499 680 518 700; x_wconf 89' lang='lat'><em>-</em></span> <span class='ocrx_word' id='word_1_4' title='bbox 543 666 639 728; x_wconf 86' lang='lat' dir='ltr'><strong>neque</strong></span> <span class='ocrx_word' id='word_1_5' title='bbox 659 643 851 728; x_wconf 88' lang='lat' dir='ltr'><strong>triumphalis</strong></span> <span class='ocrx_word' id='word_1_6' title='bbox 872 678 888 691; x_wconf 94' lang='lat'>-</span> <span class='ocrx_word' id='word_1_7' title='bbox 916 664 983 706; x_wconf 89' lang='lat' dir='ltr'><strong>mea</strong></span> <span class='ocrx_word' id='word_1_8' title='bbox 1000 641 1089 708; x_wconf 81' lang='lat' dir='ltr'><strong>rerba</strong></span> <span class='ocrx_word' id='word_1_9' title='bbox 1109 675 1128 692; x_wconf 90' lang='lat'>-</span> <span class='ocrx_word' id='word_1_10' title='bbox 1153 643 1328 725; x_wconf 73' lang='lat' dir='ltr'><strong>profuerant</strong></span> <span class='ocrx_word' id='word_1_11' title='bbox 1345 665 1364 688; x_wconf 50' lang='lat'><strong>·&#39;</strong></span> <span class='ocrx_word' id='word_1_12' title='bbox 1382 639 1507 701; x_wconf 80' lang='lat' dir='ltr'><strong>ubtuma</strong></span> <span class='ocrx_word' id='word_1_13' title='bbox 1527 667 1546 687; x_wconf 89' lang='lat'>-</span> <span class='ocrx_word' id='word_1_14' title='bbox 1565 634 1664 700; x_wconf 82' lang='lat' dir='ltr'><strong>hostes</strong></span> <span class='ocrx_word' id='word_1_15' title='bbox 1684 641 1770 703; x_wconf 84' lang='lat' dir='ltr'><strong>ferire</strong></span> <span class='ocrx_word' id='word_1_16' title='bbox 1791 637 1808 688; x_wconf 79' lang='lat'><strong>&#39;-</strong></span> 
     </span>
     <span class='ocr_line' id='line_1_3' title="bbox 396 747 1810 837; baseline -0.009 -19"><span class='ocrx_word' id='word_1_17' title='bbox 396 757 445 818; x_wconf 88' lang='lat' dir='ltr'><strong>his</strong></span> <span class='ocrx_word' id='word_1_18' title='bbox 466 774 536 837; x_wconf 82' lang='lat' dir='ltr'><strong>ergo</strong></span> <span class='ocrx_word' id='word_1_19' title='bbox 555 754 707 835; x_wconf 78' lang='lat' dir='ltr'><strong>praeceptis</strong></span> <span class='ocrx_word' id='word_1_20' title='bbox 727 784 747 800; x_wconf 89' lang='lat'>-</span> <span class='ocrx_word' id='word_1_21' title='bbox 774 751 915 815; x_wconf 86' lang='lat' dir='ltr'><strong>faciundo</strong></span> <span class='ocrx_word' id='word_1_22' title='bbox 934 783 953 799; x_wconf 89' lang='lat'><strong>·</strong></span> <span class='ocrx_word' id='word_1_23' title='bbox 974 752 1040 835; x_wconf 87' lang='lat' dir='ltr'><strong>quis</strong></span> <span class='ocrx_word' id='word_1_24' title='bbox 1061 751 1236 813; x_wconf 87' lang='lat' dir='ltr'><strong>-virtutem</strong></span> <span class='ocrx_word' id='word_1_25' title='bbox 1258 767 1321 810; x_wconf 89' lang='lat' dir='ltr'><strong>uon</strong></span> <span class='ocrx_word' id='word_1_26' title='bbox 1342 750 1510 829; x_wconf 80' lang='lat' dir='ltr'><strong>relinquere</strong></span> <span class='ocrx_word' id='word_1_27' title='bbox 1529 777 1548 794; x_wconf 89' lang='lat'><strong>··</strong></span> <span class='ocrx_word' id='word_1_28' title='bbox 1569 757 1599 808; x_wconf 91' lang='lat' dir='ltr'><strong>ct</strong></span> <span class='ocrx_word' id='word_1_29' title='bbox 1619 747 1768 807; x_wconf 86' lang='lat' dir='ltr'><strong>incultum</strong></span> <span class='ocrx_word' id='word_1_30' title='bbox 1790 779 1810 794; x_wconf 94' lang='lat'>-</span> 
     </span>
     <span class='ocr_line' id='line_1_4' title="bbox 396 850 1809 940; baseline -0.005 -18"><span class='ocrx_word' id='word_1_31' title='bbox 396 879 521 922; x_wconf 83' lang='lat' dir='ltr'><strong>coccum</strong></span> <span class='ocrx_word' id='word_1_32' title='bbox 542 878 632 939; x_wconf 89' lang='lat' dir='ltr'><strong>qnam</strong></span> <span class='ocrx_word' id='word_1_33' title='bbox 654 890 673 905; x_wconf 90' lang='lat'>-</span> <span class='ocrx_word' id='word_1_34' title='bbox 699 867 729 919; x_wconf 86' lang='lat' dir='ltr'><strong>et</strong></span> <span class='ocrx_word' id='word_1_35' title='bbox 749 877 783 918; x_wconf 84' lang='lat' dir='ltr'><strong>cx</strong></span> <span class='ocrx_word' id='word_1_36' title='bbox 803 869 925 940; x_wconf 87' lang='lat' dir='ltr'><strong>parente</strong></span> <span class='ocrx_word' id='word_1_37' title='bbox 945 891 961 904; x_wconf 89' lang='lat'>·</span> <span class='ocrx_word' id='word_1_38' title='bbox 981 867 1130 918; x_wconf 80' lang='lat' dir='ltr'><strong>autumant</strong></span> <span class='ocrx_word' id='word_1_39' title='bbox 1149 889 1165 901; x_wconf 91' lang='lat'><em>-</em></span> <span class='ocrx_word' id='word_1_40' title='bbox 1184 854 1362 932; x_wconf 84' lang='lat' dir='ltr'>jocundiora</span> <span class='ocrx_word' id='word_1_41' title='bbox 1381 864 1462 918; x_wconf 85' lang='lat' dir='ltr'><strong>sunt.</strong></span> <span class='ocrx_word' id='word_1_42' title='bbox 1483 887 1499 900; x_wconf 93' lang='lat'><em>-</em></span> <span class='ocrx_word' id='word_1_43' title='bbox 1519 850 1658 913; x_wconf 86' lang='lat' dir='ltr'><strong>officiunt</strong></span> <span class='ocrx_word' id='word_1_44' title='bbox 1676 881 1695 902; x_wconf 89' lang='lat'><strong>··</strong></span> <span class='ocrx_word' id='word_1_45' title='bbox 1714 871 1809 934; x_wconf 80' lang='lat' dir='ltr'><strong>pauca</strong></span> 
     </span>
     <span class='ocr_line' id='line_1_5' title="bbox 398 941 1756 1050; baseline -0.006 -24"><span class='ocrx_word' id='word_1_46' title='bbox 398 964 435 1028; x_wconf 86' lang='lat' dir='ltr'><strong>de</strong></span> <span class='ocrx_word' id='word_1_47' title='bbox 455 985 518 1050; x_wconf 89' lang='lat' dir='ltr'><strong>rep.</strong></span> <span class='ocrx_word' id='word_1_48' title='bbox 538 967 646 1047; x_wconf 89' lang='lat' dir='ltr'><strong>loquar</strong></span> <span class='ocrx_word' id='word_1_49' title='bbox 665 996 684 1012; x_wconf 91' lang='lat'>-</span> <span class='ocrx_word' id='word_1_50' title='bbox 703 961 811 1025; x_wconf 88' lang='lat' dir='ltr'><strong>habete</strong></span> <span class='ocrx_word' id='word_1_51' title='bbox 830 963 995 1028; x_wconf 77' lang='lat' dir='ltr'><strong>-avaricia</strong></span> <span class='ocrx_word' id='word_1_52' title='bbox 1017 959 1080 1042; x_wconf 87' lang='lat' dir='ltr'><strong>(ita</strong></span> <span class='ocrx_word' id='word_1_53' title='bbox 1101 971 1130 1021; x_wconf 92' lang='lat' dir='ltr'><strong>et</strong></span> <span class='ocrx_word' id='word_1_54' title='bbox 1149 957 1255 1042; x_wconf 87' lang='lat' dir='ltr'><strong>supra)</strong></span> <span class='ocrx_word' id='word_1_55' title='bbox 1275 991 1294 1008; x_wconf 91' lang='lat'>-</span> <span class='ocrx_word' id='word_1_56' title='bbox 1314 971 1356 1022; x_wconf 88' lang='lat' dir='ltr'><strong>est</strong></span> <span class='ocrx_word' id='word_1_57' title='bbox 1377 971 1444 1023; x_wconf 85' lang='lat' dir='ltr'><strong>aetas</strong></span> <span class='ocrx_word' id='word_1_58' title='bbox 1464 992 1483 1009; x_wconf 89' lang='lat'>·</span> <span class='ocrx_word' id='word_1_59' title='bbox 1501 959 1626 1022; x_wconf 80' lang='lat' dir='ltr'><strong>obterit.</strong></span> <span class='ocrx_word' id='word_1_60' title='bbox 1752 941 1756 948; x_wconf 53' lang='grc'>’</span> 
     </span>
    </p>
   </div>
   <div class='ocr_carea' id='block_1_3' title="bbox 441 1195 1770 1517">
    <p class='ocr_par' dir='ltr' id='par_1_3' title="bbox 441 1195 1770 1517">
     <span class='ocr_line' id='line_1_6' title="bbox 441 1195 1770 1302; baseline -0.006 -12"><span class='ocrx_word' id='word_1_61' title='bbox 441 1226 531 1296; x_wconf 86' lang='lat' dir='ltr'><strong>Cod.</strong></span> <span class='ocrx_word' id='word_1_62' title='bbox 556 1226 646 1288; x_wconf 80' lang='lat'><strong>6088.</strong></span> <span class='ocrx_word' id='word_1_63' title='bbox 677 1225 764 1290; x_wconf 79' lang='lat' dir='ltr'><strong>Scae.</strong></span> <span class='ocrx_word' id='word_1_64' title='bbox 793 1222 905 1290; x_wconf 86' lang='lat' dir='ltr'><em>XIV.</em></span> <span class='ocrx_word' id='word_1_65' title='bbox 935 1215 1050 1285; x_wconf 78' lang='lat' dir='ltr'><strong>literis</strong></span> <span class='ocrx_word' id='word_1_66' title='bbox 1071 1214 1239 1286; x_wconf 75' lang='lat' dir='ltr'><em>Gothicis</em></span> <span class='ocrx_word' id='word_1_67' title='bbox 1269 1195 1456 1288; x_wconf 78' lang='lat' dir='ltr'><strong>exuratur.</strong></span> <span class='ocrx_word' id='word_1_68' title='bbox 1482 1212 1648 1302; x_wconf 84' lang='lat' dir='ltr'><strong>plurimu</strong></span> <span class='ocrx_word' id='word_1_69' title='bbox 1670 1237 1770 1282; x_wconf 86' lang='lat' dir='ltr'><strong>eom-</strong></span> 
     </span>
     <span class='ocr_line' id='line_1_7' title="bbox 452 1319 1741 1417; baseline -0.009 -19"><span class='ocrx_word' id='word_1_70' title='bbox 452 1331 588 1417; x_wconf 84' lang='lat' dir='ltr'><strong>pendia</strong></span> <span class='ocrx_word' id='word_1_71' title='bbox 607 1325 820 1414; x_wconf 76' lang='lat' dir='ltr'><strong>seripturoe3</strong></span> <span class='ocrx_word' id='word_1_72' title='bbox 842 1329 968 1392; x_wconf 70' lang='lat' dir='ltr'><strong>multae</strong></span> <span class='ocrx_word' id='word_1_73' title='bbox 986 1327 1121 1416; x_wconf 72' lang='lat' dir='ltr'><strong>glossae</strong></span> <span class='ocrx_word' id='word_1_74' title='bbox 1143 1331 1317 1410; x_wconf 80' lang='lat' dir='ltr'><strong>reeeptae3</strong></span> <span class='ocrx_word' id='word_1_75' title='bbox 1338 1322 1447 1389; x_wconf 81' lang='lat' dir='ltr'><strong>habet</strong></span> <span class='ocrx_word' id='word_1_76' title='bbox 1463 1319 1637 1408; x_wconf 84' lang='lat' dir='ltr'><strong>proprias</strong></span> <span class='ocrx_word' id='word_1_77' title='bbox 1659 1343 1741 1388; x_wconf 74' lang='lat' dir='ltr'><strong>eor-</strong></span> 
     </span>
     <span class='ocr_line' id='line_1_8' title="bbox 799 1427 1411 1517; baseline -0.005 -21"><span class='ocrx_word' id='word_1_78' title='bbox 799 1434 981 1517; x_wconf 82' lang='lat' dir='ltr'><strong>ruptelus,</strong></span> <span class='ocrx_word' id='word_1_79' title='bbox 1004 1451 1050 1497; x_wconf 86' lang='lat' dir='ltr'><strong>ne</strong></span> <span class='ocrx_word' id='word_1_80' title='bbox 1071 1428 1191 1499; x_wconf 86' lang='lat' dir='ltr'><strong>dicum</strong></span> <span class='ocrx_word' id='word_1_81' title='bbox 1210 1427 1411 1497; x_wconf 80' lang='lat' dir='ltr'><strong>variantes.</strong></span> 
     </span>
    </p>
   </div>
   <div class='ocr_carea' id='block_1_4' title="bbox 401 1619 1822 2758">
    <p class='ocr_par' dir='ltr' id='par_1_4' title="bbox 401 1616 1822 2758">
     <span class='ocr_line' id='line_1_9' title="bbox 442 1619 1816 1703; baseline -0.009 -17"><span class='ocrx_word' id='word_1_82' title='bbox 442 1625 507 1686; x_wconf 87' lang='lat' dir='ltr'><strong>Cat.</strong></span> <span class='ocrx_word' id='word_1_83' title='bbox 519 1629 567 1690; x_wconf 81' lang='lat'><strong>51.</strong></span> <span class='ocrx_word' id='word_1_84' title='bbox 581 1636 610 1686; x_wconf 91' lang='lat' dir='ltr'><strong>et</strong></span> <span class='ocrx_word' id='word_1_85' title='bbox 620 1624 757 1684; x_wconf 79' lang='lat' dir='ltr'><strong>amicicia</strong></span> <span class='ocrx_word' id='word_1_86' title='bbox 767 1656 782 1668; x_wconf 94' lang='lat'><em>-</em></span> <span class='ocrx_word' id='word_1_87' title='bbox 792 1620 950 1681; x_wconf 85' lang='lat' dir='ltr'><strong>offitiunt-</strong></span> <span class='ocrx_word' id='word_1_88' title='bbox 958 1620 1111 1682; x_wconf 89' lang='lat' dir='ltr'><strong>rodiorum</strong></span> <span class='ocrx_word' id='word_1_89' title='bbox 1122 1656 1139 1668; x_wconf 93' lang='lat'>-</span> <span class='ocrx_word' id='word_1_90' title='bbox 1148 1649 1175 1700; x_wconf 88' lang='lat' dir='ltr'><strong>q.</strong></span> <span class='ocrx_word' id='word_1_91' title='bbox 1187 1642 1218 1701; x_wconf 92' lang='lat' dir='ltr'><strong>p.</strong></span> <span class='ocrx_word' id='word_1_92' title='bbox 1233 1641 1258 1682; x_wconf 88' lang='lat' dir='ltr'><strong>r.</strong></span> <span class='ocrx_word' id='word_1_93' title='bbox 1270 1620 1353 1703; x_wconf 85' lang='lat' dir='ltr'><strong>opib.</strong></span> <span class='ocrx_word' id='word_1_94' title='bbox 1369 1643 1409 1685; x_wconf 91' lang='lat' dir='ltr'><strong>m.</strong></span> <span class='ocrx_word' id='word_1_95' title='bbox 1422 1638 1481 1681; x_wconf 85' lang='lat' dir='ltr'><strong>sec.</strong></span> <span class='ocrx_word' id='word_1_96' title='bbox 1490 1653 1506 1666; x_wconf 90' lang='lat'><strong>·</strong></span> <span class='ocrx_word' id='word_1_97' title='bbox 1518 1628 1644 1682; x_wconf 81' lang='lat' dir='ltr'><strong>creverat</strong></span> <span class='ocrx_word' id='word_1_98' title='bbox 1654 1649 1672 1666; x_wconf 90' lang='lat'>·</span> <span class='ocrx_word' id='word_1_99' title='bbox 1685 1619 1816 1700; x_wconf 84' lang='lat' dir='ltr'><strong>cartagi-</strong></span> 
     </span>
     <span class='ocr_line' id='line_1_10' title="bbox 401 1725 1813 1810; baseline -0.008 -18"><span class='ocrx_word' id='word_1_100' title='bbox 401 1751 535 1792; x_wconf 82' lang='lat' dir='ltr'><strong>nenser-</strong></span> <span class='ocrx_word' id='word_1_101' title='bbox 556 1740 630 1810; x_wconf 88' lang='lat' dir='ltr'><strong>aput</strong></span> <span class='ocrx_word' id='word_1_102' title='bbox 648 1748 700 1790; x_wconf 84' lang='lat' dir='ltr'><strong>vos</strong></span> <span class='ocrx_word' id='word_1_103' title='bbox 720 1731 774 1788; x_wconf 83' lang='lat' dir='ltr'><strong>val.</strong></span> <span class='ocrx_word' id='word_1_104' title='bbox 786 1757 805 1772; x_wconf 90' lang='lat'>-</span> <span class='ocrx_word' id='word_1_105' title='bbox 825 1727 1039 1804; x_wconf 88' lang='lat' dir='ltr'><strong>reperiretur·</strong></span> <span class='ocrx_word' id='word_1_106' title='bbox 1060 1738 1207 1806; x_wconf 86' lang='lat' dir='ltr'><strong>superat·</strong></span> <span class='ocrx_word' id='word_1_107' title='bbox 1223 1729 1402 1788; x_wconf 86' lang='lat' dir='ltr'><strong>sententiam</strong></span> <span class='ocrx_word' id='word_1_108' title='bbox 1424 1726 1561 1786; x_wconf 85' lang='lat' dir='ltr'><strong>dixerunt</strong></span> <span class='ocrx_word' id='word_1_109' title='bbox 1573 1757 1591 1772; x_wconf 95' lang='lat'>-</span> <span class='ocrx_word' id='word_1_110' title='bbox 1610 1725 1762 1806; x_wconf 87' lang='lat' dir='ltr'><strong>spoliari·</strong></span> <span class='ocrx_word' id='word_1_111' title='bbox 1783 1733 1813 1782; x_wconf 90' lang='lat' dir='ltr'><strong>et</strong></span> 
     </span>
     <span class='ocr_line' id='line_1_11' title="bbox 401 1821 1817 1911; baseline -0.009 -15"><span class='ocrx_word' id='word_1_112' title='bbox 401 1847 464 1897; x_wconf 82' lang='lat' dir='ltr'><strong>tam</strong></span> <span class='ocrx_word' id='word_1_113' title='bbox 485 1847 596 1895; x_wconf 85' lang='lat' dir='ltr'><strong>atrox·</strong></span> <span class='ocrx_word' id='word_1_114' title='bbox 614 1837 737 1893; x_wconf 88' lang='lat' dir='ltr'><strong>illorum</strong></span> <span class='ocrx_word' id='word_1_115' title='bbox 759 1850 818 1891; x_wconf 86' lang='lat' dir='ltr'><strong>csse</strong></span> <span class='ocrx_word' id='word_1_116' title='bbox 838 1831 972 1910; x_wconf 85' lang='lat' dir='ltr'><strong>plerique</strong></span> <span class='ocrx_word' id='word_1_117' title='bbox 991 1849 1091 1891; x_wconf 80' lang='lat' dir='ltr'><strong>vero·</strong></span> <span class='ocrx_word' id='word_1_118' title='bbox 1111 1832 1145 1890; x_wconf 89' lang='lat' dir='ltr'><strong>in</strong></span> <span class='ocrx_word' id='word_1_119' title='bbox 1166 1821 1308 1890; x_wconf 88' lang='lat' dir='ltr'><strong>omnibus</strong></span> <span class='ocrx_word' id='word_1_120' title='bbox 1327 1833 1430 1911; x_wconf 83' lang='lat' dir='ltr'><strong>impiis</strong></span> <span class='ocrx_word' id='word_1_121' title='bbox 1444 1863 1462 1877; x_wconf 92' lang='lat'><em>·</em></span> <span class='ocrx_word' id='word_1_122' title='bbox 1481 1832 1575 1891; x_wconf 88' lang='lat' dir='ltr'><strong>serior</strong></span> <span class='ocrx_word' id='word_1_123' title='bbox 1589 1863 1605 1876; x_wconf 90' lang='lat'>·</span> <span class='ocrx_word' id='word_1_124' title='bbox 1619 1849 1689 1888; x_wconf 90' lang='lat' dir='ltr'><strong>nam</strong></span> <span class='ocrx_word' id='word_1_125' title='bbox 1712 1828 1817 1910; x_wconf 62' lang='lat' dir='ltr'><strong>quid-e</strong></span> 
     </span>
     <span class='ocr_line' id='line_1_12' title="bbox 402 1932 1816 2020; baseline -0.006 -20"><span class='ocrx_word' id='word_1_126' title='bbox 402 1945 501 2002; x_wconf 86' lang='lat' dir='ltr'><strong>aliena</strong></span> <span class='ocrx_word' id='word_1_127' title='bbox 521 1961 584 2020; x_wconf 88' lang='lat' dir='ltr'><strong>rep.</strong></span> <span class='ocrx_word' id='word_1_128' title='bbox 603 1972 623 1985; x_wconf 96' lang='lat'>-</span> <span class='ocrx_word' id='word_1_129' title='bbox 651 1948 704 1996; x_wconf 90' lang='lat' dir='ltr'><strong>aut</strong></span> <span class='ocrx_word' id='word_1_130' title='bbox 724 1940 837 2014; x_wconf 86' lang='lat' dir='ltr'><strong>injuria</strong></span> <span class='ocrx_word' id='word_1_131' title='bbox 858 1947 910 1994; x_wconf 91' lang='lat' dir='ltr'><strong>aut</strong></span> <span class='ocrx_word' id='word_1_132' title='bbox 937 1945 1033 1994; x_wconf 86' lang='lat' dir='ltr'><strong>metus</strong></span> <span class='ocrx_word' id='word_1_133' title='bbox 1054 1966 1072 1983; x_wconf 87' lang='lat'><strong>·</strong></span> <span class='ocrx_word' id='word_1_134' title='bbox 1102 1933 1286 2016; x_wconf 84' lang='lat' dir='ltr'><strong>superfluum</strong></span> <span class='ocrx_word' id='word_1_135' title='bbox 1308 1944 1361 1997; x_wconf 87' lang='lat' dir='ltr'><strong>est.</strong></span> <span class='ocrx_word' id='word_1_136' title='bbox 1385 1965 1404 1980; x_wconf 89' lang='lat'>-</span> <span class='ocrx_word' id='word_1_137' title='bbox 1432 1933 1533 1994; x_wconf 85' lang='lat' dir='ltr'><strong>dicero</strong></span> <span class='ocrx_word' id='word_1_138' title='bbox 1549 1953 1633 2013; x_wconf 84' lang='lat' dir='ltr'><strong>posse</strong></span> <span class='ocrx_word' id='word_1_139' title='bbox 1654 1932 1687 1993; x_wconf 86' lang='lat' dir='ltr'><strong>id</strong></span> <span class='ocrx_word' id='word_1_140' title='bbox 1707 1933 1816 2013; x_wconf 92' lang='lat' dir='ltr'><strong>quod-</strong></span> 
     </span>
     <span class='ocr_line' id='line_1_13' title="bbox 404 2036 1815 2120; baseline -0.006 -15"><span class='ocrx_word' id='word_1_141' title='bbox 404 2047 561 2106; x_wconf 85' lang='lat' dir='ltr'><strong>dissolvere</strong></span> <span class='ocrx_word' id='word_1_142' title='bbox 572 2046 650 2102; x_wconf 90' lang='lat' dir='ltr'><strong>mala</strong></span> <span class='ocrx_word' id='word_1_143' title='bbox 659 2077 675 2087; x_wconf 94' lang='lat'>-</span> <span class='ocrx_word' id='word_1_144' title='bbox 685 2050 720 2102; x_wconf 88' lang='lat' dir='ltr'><strong>ut</strong></span> <span class='ocrx_word' id='word_1_145' title='bbox 729 2043 809 2120; x_wconf 88' lang='lat' dir='ltr'><strong>prius</strong></span> <span class='ocrx_word' id='word_1_146' title='bbox 818 2075 833 2086; x_wconf 90' lang='lat'>-</span> <span class='ocrx_word' id='word_1_147' title='bbox 843 2043 936 2100; x_wconf 84' lang='lat' dir='ltr'><strong>levius</strong></span> <span class='ocrx_word' id='word_1_148' title='bbox 951 2051 994 2100; x_wconf 82' lang='lat' dir='ltr'><strong>est</strong></span> <span class='ocrx_word' id='word_1_149' title='bbox 1004 2073 1017 2086; x_wconf 90' lang='lat'><em>·</em></span> <span class='ocrx_word' id='word_1_150' title='bbox 1028 2044 1061 2100; x_wconf 91' lang='lat' dir='ltr'><strong>in</strong></span> <span class='ocrx_word' id='word_1_151' title='bbox 1073 2042 1185 2112; x_wconf 82' lang='lat' dir='ltr'><strong>minori</strong></span> <span class='ocrx_word' id='word_1_152' title='bbox 1194 2041 1283 2120; x_wconf 89' lang='lat' dir='ltr'><strong>-quis</strong></span> <span class='ocrx_word' id='word_1_153' title='bbox 1293 2036 1511 2120; x_wconf 86' lang='lat' dir='ltr'><strong>reprehendit·</strong></span> <span class='ocrx_word' id='word_1_154' title='bbox 1522 2041 1552 2107; x_wconf 88' lang='lat' dir='ltr'><strong>(e</strong></span> <span class='ocrx_word' id='word_1_155' title='bbox 1560 2059 1625 2118; x_wconf 88' lang='lat' dir='ltr'><strong>sup.</strong></span> <span class='ocrx_word' id='word_1_156' title='bbox 1633 2040 1703 2116; x_wconf 90' lang='lat' dir='ltr'><strong>lin.)</strong></span> <span class='ocrx_word' id='word_1_157' title='bbox 1713 2040 1815 2097; x_wconf 88' lang='lat' dir='ltr'><strong>omnia</strong></span> 
     </span>
     <span class='ocr_line' id='line_1_14' title="bbox 405 2143 1814 2228; baseline -0.007 -18"><span class='ocrx_word' id='word_1_158' title='bbox 405 2154 484 2210; x_wconf 87' lang='lat' dir='ltr'><strong>mala</strong></span> <span class='ocrx_word' id='word_1_159' title='bbox 505 2171 538 2210; x_wconf 83' lang='lat' dir='ltr'><strong>ex</strong></span> <span class='ocrx_word' id='word_1_160' title='bbox 558 2149 645 2208; x_wconf 90' lang='lat' dir='ltr'><strong>bonis</strong></span> <span class='ocrx_word' id='word_1_161' title='bbox 667 2147 753 2208; x_wconf 83' lang='lat' dir='ltr'><strong>rebus</strong></span> <span class='ocrx_word' id='word_1_162' title='bbox 774 2157 838 2206; x_wconf 88' lang='lat' dir='ltr'><strong>orta</strong></span> <span class='ocrx_word' id='word_1_163' title='bbox 858 2177 879 2193; x_wconf 89' lang='lat'>-</span> <span class='ocrx_word' id='word_1_164' title='bbox 910 2145 948 2206; x_wconf 90' lang='lat' dir='ltr'><strong>ad</strong></span> <span class='ocrx_word' id='word_1_165' title='bbox 968 2149 1089 2228; x_wconf 82' lang='lat' dir='ltr'><strong>ignaros</strong></span> <span class='ocrx_word' id='word_1_166' title='bbox 1111 2149 1187 2206; x_wconf 86' lang='lat' dir='ltr'><strong>cives</strong></span> <span class='ocrx_word' id='word_1_167' title='bbox 1208 2177 1227 2192; x_wconf 90' lang='lat'>-</span> <span class='ocrx_word' id='word_1_168' title='bbox 1256 2143 1290 2206; x_wconf 84' lang='lat' dir='ltr'><strong>hi</strong></span> <span class='ocrx_word' id='word_1_169' title='bbox 1316 2145 1448 2224; x_wconf 81' lang='lat' dir='ltr'><strong>palmum</strong></span> <span class='ocrx_word' id='word_1_170' title='bbox 1469 2176 1488 2191; x_wconf 93' lang='lat'><em>-</em></span> <span class='ocrx_word' id='word_1_171' title='bbox 1518 2144 1641 2203; x_wconf 85' lang='lat' dir='ltr'><strong>licentia</strong></span> <span class='ocrx_word' id='word_1_172' title='bbox 1668 2145 1814 2223; x_wconf 86' lang='lat' dir='ltr'><strong>paulatim</strong></span> 
     </span>
     <span class='ocr_line' id='line_1_15' title="bbox 405 2247 1816 2335; baseline -0.007 -19"><span class='ocrx_word' id='word_1_173' title='bbox 405 2259 498 2318; x_wconf 82' lang='lat' dir='ltr'><strong>crevit</strong></span> <span class='ocrx_word' id='word_1_174' title='bbox 518 2291 534 2303; x_wconf 92' lang='lat'>-</span> <span class='ocrx_word' id='word_1_175' title='bbox 564 2254 764 2335; x_wconf 86' lang='lat' dir='ltr'><strong>indepnatum</strong></span> <span class='ocrx_word' id='word_1_176' title='bbox 785 2286 804 2300; x_wconf 93' lang='lat'>-</span> <span class='ocrx_word' id='word_1_177' title='bbox 829 2250 1060 2331; x_wconf 85' lang='lat' dir='ltr'><strong>hujuscemodi,</strong></span> <span class='ocrx_word' id='word_1_178' title='bbox 1081 2256 1149 2333; x_wconf 89' lang='lat' dir='ltr'><strong>quis</strong></span> <span class='ocrx_word' id='word_1_179' title='bbox 1170 2257 1232 2330; x_wconf 87' lang='lat' dir='ltr'><strong>ejus</strong></span> <span class='ocrx_word' id='word_1_180' title='bbox 1252 2251 1364 2310; x_wconf 86' lang='lat' dir='ltr'><strong>factum</strong></span> <span class='ocrx_word' id='word_1_181' title='bbox 1386 2269 1450 2310; x_wconf 92' lang='lat' dir='ltr'><strong>non</strong></span> <span class='ocrx_word' id='word_1_182' title='bbox 1471 2247 1612 2314; x_wconf 85' lang='lat' dir='ltr'><strong>laudabat</strong></span> <span class='ocrx_word' id='word_1_183' title='bbox 1628 2281 1647 2296; x_wconf 92' lang='lat'>-</span> <span class='ocrx_word' id='word_1_184' title='bbox 1667 2258 1816 2329; x_wconf 87' lang='lat' dir='ltr'><strong>postremo</strong></span> 
     </span>
     <span class='ocr_line' id='line_1_16' title="bbox 406 2351 1816 2438; baseline -0.007 -18"><span class='ocrx_word' id='word_1_185' title='bbox 406 2381 456 2424; x_wconf 83' lang='lat' dir='ltr'><strong>vas</strong></span> <span class='ocrx_word' id='word_1_186' title='bbox 478 2371 528 2420; x_wconf 87' lang='lat' dir='ltr'><strong>aut</strong></span> <span class='ocrx_word' id='word_1_187' title='bbox 553 2393 569 2406; x_wconf 76' lang='lat'><em>‹</em></span> <span class='ocrx_word' id='word_1_188' title='bbox 595 2371 630 2419; x_wconf 91' lang='lat' dir='ltr'><strong>ut</strong></span> <span class='ocrx_word' id='word_1_189' title='bbox 650 2361 675 2419; x_wconf 91' lang='lat' dir='ltr'><strong>is</strong></span> <span class='ocrx_word' id='word_1_190' title='bbox 701 2391 720 2407; x_wconf 92' lang='lat'>-</span> <span class='ocrx_word' id='word_1_191' title='bbox 748 2361 781 2418; x_wconf 93' lang='lat' dir='ltr'><strong>in</strong></span> <span class='ocrx_word' id='word_1_192' title='bbox 802 2358 848 2417; x_wconf 89' lang='lat' dir='ltr'><strong>his</strong></span> <span class='ocrx_word' id='word_1_193' title='bbox 868 2368 980 2438; x_wconf 90' lang='lat' dir='ltr'><strong>tempp.</strong></span> <span class='ocrx_word' id='word_1_194' title='bbox 1008 2389 1027 2404; x_wconf 91' lang='lat'><strong>·</strong></span> <span class='ocrx_word' id='word_1_195' title='bbox 1051 2359 1118 2438; x_wconf 89' lang='lat' dir='ltr'><strong>quis</strong></span> <span class='ocrx_word' id='word_1_196' title='bbox 1137 2359 1229 2418; x_wconf 88' lang='lat' dir='ltr'><strong>finem</strong></span> <span class='ocrx_word' id='word_1_197' title='bbox 1257 2365 1366 2416; x_wconf 87' lang='lat' dir='ltr'><strong>statuet</strong></span> <span class='ocrx_word' id='word_1_198' title='bbox 1393 2387 1412 2402; x_wconf 89' lang='lat'><strong>·</strong></span> <span class='ocrx_word' id='word_1_199' title='bbox 1438 2351 1577 2434; x_wconf 87' lang='lat' dir='ltr'><strong>superbia</strong></span> <span class='ocrx_word' id='word_1_200' title='bbox 1604 2353 1662 2418; x_wconf 88' lang='lat' dir='ltr'><strong>illis</strong></span> <span class='ocrx_word' id='word_1_201' title='bbox 1690 2383 1705 2397; x_wconf 92' lang='lat'><strong>·</strong></span> <span class='ocrx_word' id='word_1_202' title='bbox 1732 2362 1816 2412; x_wconf 85' lang='lat' dir='ltr'><strong>erant</strong></span> 
     </span>
     <span class='ocr_line' id='line_1_17' title="bbox 406 2449 1818 2550; baseline -0.006 -25"><span class='ocrx_word' id='word_1_203' title='bbox 406 2465 501 2548; x_wconf 89' lang='lat' dir='ltr'><strong>proba</strong></span> <span class='ocrx_word' id='word_1_204' title='bbox 514 2499 532 2512; x_wconf 92' lang='lat'><strong>·</strong></span> <span class='ocrx_word' id='word_1_205' title='bbox 552 2487 569 2524; x_wconf 86' lang='lat' dir='ltr'><strong>a</strong></span> <span class='ocrx_word' id='word_1_206' title='bbox 589 2464 749 2550; x_wconf 78' lang='lat' dir='ltr'><strong>sanitibus,</strong></span> <span class='ocrx_word' id='word_1_207' title='bbox 771 2467 887 2547; x_wconf 84' lang='lat' dir='ltr'><strong>insigna</strong></span> <span class='ocrx_word' id='word_1_208' title='bbox 907 2473 980 2545; x_wconf 86' lang='lat' dir='ltr'><strong>aput</strong></span> <span class='ocrx_word' id='word_1_209' title='bbox 992 2493 1010 2510; x_wconf 87' lang='lat'><strong>·</strong></span> <span class='ocrx_word' id='word_1_210' title='bbox 1030 2461 1259 2528; x_wconf 84' lang='lat' dir='ltr'><strong>imitaribonos</strong></span> <span class='ocrx_word' id='word_1_211' title='bbox 1281 2481 1370 2542; x_wconf 88' lang='lat' dir='ltr'><strong>quam</strong></span> <span class='ocrx_word' id='word_1_212' title='bbox 1392 2449 1524 2521; x_wconf 84' lang='lat' dir='ltr'><strong>invidere</strong></span> <span class='ocrx_word' id='word_1_213' title='bbox 1544 2459 1632 2518; x_wconf 87' lang='lat' dir='ltr'><strong>bonis</strong></span> <span class='ocrx_word' id='word_1_214' title='bbox 1650 2490 1668 2506; x_wconf 91' lang='lat'><strong>·</strong></span> <span class='ocrx_word' id='word_1_215' title='bbox 1688 2461 1818 2518; x_wconf 88' lang='lat' dir='ltr'><strong>circum-</strong></span> 
     </span>
     <span class='ocr_line' id='line_1_18' title="bbox 406 2553 1822 2650; baseline -0.007 -16"><span class='ocrx_word' id='word_1_216' title='bbox 406 2576 503 2634; x_wconf 76' lang='lat' dir='ltr'><strong>veniri</strong></span> <span class='ocrx_word' id='word_1_217' title='bbox 524 2574 699 2636; x_wconf 84' lang='lat' dir='ltr'><strong>innocentes</strong></span> <span class='ocrx_word' id='word_1_218' title='bbox 711 2602 730 2618; x_wconf 93' lang='lat'>-</span> <span class='ocrx_word' id='word_1_219' title='bbox 750 2571 816 2650; x_wconf 81' lang='lat' dir='ltr'><strong>(inf.</strong></span> <span class='ocrx_word' id='word_1_220' title='bbox 836 2590 913 2650; x_wconf 87' lang='lat' dir='ltr'><strong>pass.</strong></span> <span class='ocrx_word' id='word_1_221' title='bbox 935 2589 977 2630; x_wconf 89' lang='lat' dir='ltr'><strong>m.</strong></span> <span class='ocrx_word' id='word_1_222' title='bbox 997 2553 1056 2627; x_wconf 77' lang='lat' dir='ltr'><strong>sec.</strong></span> <span class='ocrx_word' id='word_1_223' title='bbox 1078 2565 1207 2645; x_wconf 86' lang='lat' dir='ltr'><strong>emend.)</strong></span> <span class='ocrx_word' id='word_1_224' title='bbox 1228 2566 1364 2647; x_wconf 88' lang='lat' dir='ltr'><strong>dapnatis</strong></span> <span class='ocrx_word' id='word_1_225' title='bbox 1376 2599 1392 2611; x_wconf 89' lang='lat'>-</span> <span class='ocrx_word' id='word_1_226' title='bbox 1405 2564 1518 2630; x_wconf 89' lang='lat' dir='ltr'><strong>dimitti</strong></span> <span class='ocrx_word' id='word_1_227' title='bbox 1539 2585 1587 2626; x_wconf 84' lang='lat' dir='ltr'><strong>eos</strong></span> <span class='ocrx_word' id='word_1_228' title='bbox 1601 2599 1616 2611; x_wconf 95' lang='lat'>-</span> <span class='ocrx_word' id='word_1_229' title='bbox 1636 2569 1822 2648; x_wconf 86' lang='lat' dir='ltr'><strong>peccunias-</strong></span> 
     </span>
     <span class='ocr_line' id='line_1_19' title="bbox 407 2667 1520 2758; baseline -0.008 -18"><span class='ocrx_word' id='word_1_230' title='bbox 407 2675 480 2740; x_wconf 79' lang='lat' dir='ltr'><strong>hab.</strong></span> <span class='ocrx_word' id='word_1_231' title='bbox 500 2678 533 2740; x_wconf 87' lang='lat' dir='ltr'><strong>iu</strong></span> <span class='ocrx_word' id='word_1_232' title='bbox 552 2677 659 2743; x_wconf 77' lang='lat' dir='ltr'><strong>vinclis</strong></span> <span class='ocrx_word' id='word_1_233' title='bbox 679 2696 732 2758; x_wconf 90' lang='lat' dir='ltr'><strong>per</strong></span> <span class='ocrx_word' id='word_1_234' title='bbox 753 2695 837 2736; x_wconf 88' lang='lat' dir='ltr'><strong>mun.</strong></span> <span class='ocrx_word' id='word_1_235' title='bbox 858 2707 876 2722; x_wconf 87' lang='lat'>·</span> <span class='ocrx_word' id='word_1_236' title='bbox 895 2678 997 2738; x_wconf 76' lang='lat' dir='ltr'><strong>ualent</strong></span> <span class='ocrx_word' id='word_1_237' title='bbox 1017 2672 1123 2758; x_wconf 82' lang='lat' dir='ltr'><strong>opibus</strong></span> <span class='ocrx_word' id='word_1_238' title='bbox 1143 2705 1162 2720; x_wconf 91' lang='lat'>-</span> <span class='ocrx_word' id='word_1_239' title='bbox 1176 2693 1249 2740; x_wconf 86' lang='lat' dir='ltr'><strong>cum</strong></span> <span class='ocrx_word' id='word_1_240' title='bbox 1271 2667 1421 2757; x_wconf 67' lang='lat' dir='ltr'><strong>pio-nove</strong></span> <span class='ocrx_word' id='word_1_241' title='bbox 1442 2681 1520 2754; x_wconf 79' lang='lat' dir='ltr'><strong>agat.</strong></span> 
     </span>
    </p>
   </div>
   <div class='ocr_carea' id='block_1_5' title="bbox 408 2953 1822 3474">
    <p class='ocr_par' dir='ltr' id='par_1_5' title="bbox 408 2953 1822 3474">
     <span class='ocr_line' id='line_1_20' title="bbox 410 2953 1819 3050; baseline -0.004 -24"><span class='ocrx_word' id='word_1_242' title='bbox 410 2957 499 3026; x_wconf 87' lang='lat' dir='ltr'><strong>Cod.</strong></span> <span class='ocrx_word' id='word_1_243' title='bbox 528 2955 617 3042; x_wconf 70' lang='lat'><strong>5747.</strong></span> <span class='ocrx_word' id='word_1_244' title='bbox 636 2955 714 3049; x_wconf 84' lang='lat' dir='ltr'><strong>fol.</strong></span> <span class='ocrx_word' id='word_1_245' title='bbox 740 2956 831 3023; x_wconf 82' lang='lat' dir='ltr'><strong>liber</strong></span> <span class='ocrx_word' id='word_1_246' title='bbox 851 2953 1102 3050; x_wconf 81' lang='lat' dir='ltr'><strong>jugurthinus</strong></span> <span class='ocrx_word' id='word_1_247' title='bbox 1124 2955 1273 3041; x_wconf 82' lang='lat' dir='ltr'><strong>(constat</strong></span> <span class='ocrx_word' id='word_1_248' title='bbox 1299 2955 1363 3020; x_wconf 83' lang='lat' dir='ltr'><strong>iste</strong></span> <span class='ocrx_word' id='word_1_249' title='bbox 1383 2955 1475 3022; x_wconf 91' lang='lat' dir='ltr'><strong>liber</strong></span> <span class='ocrx_word' id='word_1_250' title='bbox 1494 2956 1638 3020; x_wconf 88' lang='lat' dir='ltr'><strong>domino</strong></span> <span class='ocrx_word' id='word_1_251' title='bbox 1660 2975 1738 3024; x_wconf 85' lang='lat' dir='ltr'><strong>meo</strong></span> <span class='ocrx_word' id='word_1_252' title='bbox 1759 2977 1819 3021; x_wconf 86' lang='lat' dir='ltr'><strong>co-</strong></span> 
     </span>
     <span class='ocr_line' id='line_1_21' title="bbox 448 3058 1822 3154; baseline -0.001 -27"><span class='ocrx_word' id='word_1_253' title='bbox 448 3063 527 3150; x_wconf 82' lang='lat' dir='ltr'><strong>miti</strong></span> <span class='ocrx_word' id='word_1_254' title='bbox 548 3069 591 3128; x_wconf 87' lang='lat' dir='ltr'><strong>de</strong></span> <span class='ocrx_word' id='word_1_255' title='bbox 605 3064 831 3148; x_wconf 85' lang='lat' dir='ltr'><strong>Angolesmo)</strong></span> <span class='ocrx_word' id='word_1_256' title='bbox 843 3061 1002 3146; x_wconf 79' lang='lat' dir='ltr'><strong>picturis</strong></span> <span class='ocrx_word' id='word_1_257' title='bbox 1016 3058 1295 3154; x_wconf 77' lang='lat' dir='ltr'><strong>elegantissimis</strong></span> <span class='ocrx_word' id='word_1_258' title='bbox 1307 3069 1463 3129; x_wconf 80' lang='lat' dir='ltr'><strong>ornatus</strong></span> <span class='ocrx_word' id='word_1_259' title='bbox 1476 3061 1563 3127; x_wconf 75' lang='lat' dir='ltr'><strong>Soee.</strong></span> <span class='ocrx_word' id='word_1_260' title='bbox 1578 3061 1642 3126; x_wconf 84' lang='lat' dir='ltr'><strong>XI</strong></span> <span class='ocrx_word' id='word_1_261' title='bbox 1644 3063 1689 3130; x_wconf 91' lang='lat' dir='ltr'><strong>V.</strong></span> <span class='ocrx_word' id='word_1_262' title='bbox 1712 3065 1822 3130; x_wconf 78' lang='lat' dir='ltr'><strong>nulla</strong></span> 
     </span>
     <span class='ocr_line' id='line_1_22' title="bbox 408 3163 1817 3264; baseline -0.001 -32"><span class='ocrx_word' id='word_1_263' title='bbox 408 3173 414 3264; x_wconf 49' lang='lat'>[</span> <span class='ocrx_word' id='word_1_264' title='bbox 449 3165 614 3250; x_wconf 82' lang='lat' dir='ltr'><strong>antiquae</strong></span> <span class='ocrx_word' id='word_1_265' title='bbox 633 3167 825 3252; x_wconf 54' lang='lat' dir='ltr'><strong>seruaturus</strong></span> <span class='ocrx_word' id='word_1_266' title='bbox 846 3167 1006 3258; x_wconf 78' lang='lat' dir='ltr'><strong>vestigia.</strong></span> <span class='ocrx_word' id='word_1_267' title='bbox 1028 3177 1081 3232; x_wconf 81' lang='lat' dir='ltr'><strong>est</strong></span> <span class='ocrx_word' id='word_1_268' title='bbox 1101 3170 1222 3234; x_wconf 88' lang='lat' dir='ltr'><strong>eodem</strong></span> <span class='ocrx_word' id='word_1_269' title='bbox 1244 3189 1395 3234; x_wconf 85' lang='lat' dir='ltr'><strong>numero</strong></span> <span class='ocrx_word' id='word_1_270' title='bbox 1413 3163 1672 3251; x_wconf 79' lang='lat' dir='ltr'><strong>Catilinarius,</strong></span> <span class='ocrx_word' id='word_1_271' title='bbox 1692 3165 1817 3232; x_wconf 81' lang='lat' dir='ltr'><strong>iisdem</strong></span> 
     </span>
     <span class='ocr_line' id='line_1_23' title="bbox 410 3259 1817 3362; baseline 0.001 -28"><span class='ocrx_word' id='word_1_272' title='bbox 410 3293 414 3305; x_wconf 77' lang='lat'><em>¹</em></span> <span class='ocrx_word' id='word_1_273' title='bbox 451 3259 569 3338; x_wconf 74' lang='lat' dir='ltr'><strong>literis</strong></span> <span class='ocrx_word' id='word_1_274' title='bbox 589 3283 766 3339; x_wconf 78' lang='lat' dir='ltr'><strong>exaratus</strong></span> <span class='ocrx_word' id='word_1_275' title='bbox 786 3282 821 3338; x_wconf 81' lang='lat' dir='ltr'><strong>et</strong></span> <span class='ocrx_word' id='word_1_276' title='bbox 842 3273 887 3337; x_wconf 85' lang='lat' dir='ltr'><strong>ab</strong></span> <span class='ocrx_word' id='word_1_277' title='bbox 916 3275 1037 3338; x_wconf 87' lang='lat' dir='ltr'><strong>eodem</strong></span> <span class='ocrx_word' id='word_1_278' title='bbox 1065 3270 1206 3350; x_wconf 78' lang='lat' dir='ltr'><strong>scriba,</strong></span> <span class='ocrx_word' id='word_1_279' title='bbox 1237 3295 1342 3355; x_wconf 88' lang='lat' dir='ltr'><strong>quem</strong></span> <span class='ocrx_word' id='word_1_280' title='bbox 1372 3267 1542 3362; x_wconf 72' lang='lat' dir='ltr'><strong>conferre</strong></span> <span class='ocrx_word' id='word_1_281' title='bbox 1570 3270 1678 3338; x_wconf 82' lang='lat' dir='ltr'><strong>nolui</strong></span> <span class='ocrx_word' id='word_1_282' title='bbox 1702 3294 1748 3335; x_wconf 84' lang='lat' dir='ltr'><strong>ne</strong></span> <span class='ocrx_word' id='word_1_283' title='bbox 1778 3269 1817 3336; x_wconf 85' lang='lat' dir='ltr'><strong>in</strong></span> 
     </span>
     <span class='ocr_line' id='line_1_24' title="bbox 447 3367 1800 3474; baseline -0.004 -29"><span class='ocrx_word' id='word_1_284' title='bbox 447 3467 450 3474; x_wconf 70' lang='lat'>,</span> <span class='ocrx_word' id='word_1_285' title='bbox 497 3389 501 3396; x_wconf 88' lang='grc'><strong>“</strong></span> <span class='ocrx_word' id='word_1_286' title='bbox 544 3377 712 3464; x_wconf 73' lang='lat' dir='ltr'><strong>pessimis</strong></span> <span class='ocrx_word' id='word_1_287' title='bbox 732 3375 836 3443; x_wconf 83' lang='lat' dir='ltr'><strong>libris</strong></span> <span class='ocrx_word' id='word_1_288' title='bbox 856 3375 1089 3470; x_wconf 83' lang='lat' dir='ltr'><strong>conferendis</strong></span> <span class='ocrx_word' id='word_1_289' title='bbox 1111 3399 1259 3460; x_wconf 80' lang='lat' dir='ltr'><strong>operam</strong></span> <span class='ocrx_word' id='word_1_290' title='bbox 1281 3385 1317 3441; x_wconf 86' lang='lat' dir='ltr'><strong>et</strong></span> <span class='ocrx_word' id='word_1_291' title='bbox 1338 3379 1457 3442; x_wconf 86' lang='lat' dir='ltr'><strong>oleum</strong></span> <span class='ocrx_word' id='word_1_292' title='bbox 1472 3377 1674 3461; x_wconf 78' lang='lat' dir='ltr'><strong>perderem.</strong></span> <span class='ocrx_word' id='word_1_293' title='bbox 1795 3367 1800 3372; x_wconf 56' lang='grc'><strong>’</strong></span> 
     </span>
    </p>
   </div>
   <div class='ocr_carea' id='block_1_6' title="bbox 409 3565 1823 4392">
    <p class='ocr_par' dir='ltr' id='par_1_6' title="bbox 409 3565 1823 4392">
     <span class='ocr_line' id='line_1_25' title="bbox 420 3565 1818 3659; baseline -0.003 -27"><span class='ocrx_word' id='word_1_294' title='bbox 420 3648 424 3659; x_wconf 31' lang='lat'><strong><em>¹</em></strong></span> <span class='ocrx_word' id='word_1_295' title='bbox 491 3573 562 3655; x_wconf 82' lang='lat' dir='ltr'><strong>Jug.</strong></span> <span class='ocrx_word' id='word_1_296' title='bbox 584 3594 610 3650; x_wconf 81' lang='lat'><strong>⁰.-</strong></span> <span class='ocrx_word' id='word_1_297' title='bbox 632 3573 682 3638; x_wconf 82' lang='lat'><strong>85.</strong></span> <span class='ocrx_word' id='word_1_298' title='bbox 711 3591 774 3632; x_wconf 91' lang='lat' dir='ltr'><strong>non</strong></span> <span class='ocrx_word' id='word_1_299' title='bbox 802 3569 918 3632; x_wconf 87' lang='lat' dir='ltr'><strong>hisdem</strong></span> <span class='ocrx_word' id='word_1_300' title='bbox 938 3601 957 3620; x_wconf 64' lang='grc' dir='ltr'>ι</span> <span class='ocrx_word' id='word_1_301' title='bbox 984 3566 1060 3650; x_wconf 81' lang='lat' dir='ltr'><strong>quos</strong></span> <span class='ocrx_word' id='word_1_302' title='bbox 1089 3570 1184 3627; x_wconf 82' lang='lat' dir='ltr'><strong>nolles</strong></span> <span class='ocrx_word' id='word_1_303' title='bbox 1203 3565 1359 3628; x_wconf 86' lang='lat' dir='ltr'><strong>defendero</strong></span> <span class='ocrx_word' id='word_1_304' title='bbox 1377 3595 1396 3614; x_wconf 87' lang='lat'><strong>··</strong></span> <span class='ocrx_word' id='word_1_305' title='bbox 1426 3567 1558 3648; x_wconf 77' lang='lat' dir='ltr'><strong>asperius</strong></span> <span class='ocrx_word' id='word_1_306' title='bbox 1585 3579 1628 3629; x_wconf 82' lang='lat' dir='ltr'><strong>est</strong></span> <span class='ocrx_word' id='word_1_307' title='bbox 1647 3565 1780 3640; x_wconf 82' lang='lat' dir='ltr'><strong>Quirites</strong></span> <span class='ocrx_word' id='word_1_308' title='bbox 1800 3599 1818 3616; x_wconf 90' lang='lat'>-</span> 
     </span>
     <span class='ocr_line' id='line_1_26' title="bbox 409 3674 1818 3760; baseline -0.004 -23"><span class='ocrx_word' id='word_1_309' title='bbox 409 3679 546 3760; x_wconf 86' lang='lat' dir='ltr'><strong>praesidia</strong></span> <span class='ocrx_word' id='word_1_310' title='bbox 564 3691 636 3739; x_wconf 84' lang='lat' dir='ltr'><strong>sunt</strong></span> <span class='ocrx_word' id='word_1_311' title='bbox 654 3711 673 3750; x_wconf 56' lang='grc'><strong>,-</strong></span> <span class='ocrx_word' id='word_1_312' title='bbox 698 3690 728 3739; x_wconf 89' lang='lat' dir='ltr'><strong>et</strong></span> <span class='ocrx_word' id='word_1_313' title='bbox 747 3679 879 3759; x_wconf 82' lang='lat' dir='ltr'><strong>pericula</strong></span> <span class='ocrx_word' id='word_1_314' title='bbox 899 3710 918 3725; x_wconf 88' lang='lat'>-</span> <span class='ocrx_word' id='word_1_315' title='bbox 944 3674 1071 3736; x_wconf 83' lang='lat' dir='ltr'><strong>habeam</strong></span> <span class='ocrx_word' id='word_1_316' title='bbox 1092 3685 1233 3734; x_wconf 82' lang='lat' dir='ltr'><strong>consueta</strong></span> <span class='ocrx_word' id='word_1_317' title='bbox 1254 3707 1267 3721; x_wconf 91' lang='lat'>-</span> <span class='ocrx_word' id='word_1_318' title='bbox 1288 3675 1459 3755; x_wconf 83' lang='lat' dir='ltr'><strong>temperari</strong></span> <span class='ocrx_word' id='word_1_319' title='bbox 1479 3707 1497 3721; x_wconf 92' lang='lat'><em>·</em></span> <span class='ocrx_word' id='word_1_320' title='bbox 1523 3675 1556 3733; x_wconf 91' lang='lat' dir='ltr'><strong>in</strong></span> <span class='ocrx_word' id='word_1_321' title='bbox 1577 3683 1639 3738; x_wconf 84' lang='lat' dir='ltr'><strong>nat.</strong></span> <span class='ocrx_word' id='word_1_322' title='bbox 1660 3675 1781 3736; x_wconf 83' lang='lat' dir='ltr'><strong>vertitur</strong></span> <span class='ocrx_word' id='word_1_323' title='bbox 1800 3707 1818 3721; x_wconf 92' lang='lat'><em>-</em></span> 
     </span>
     <span class='ocr_line' id='line_1_27' title="bbox 409 3778 1817 3864; baseline -0.006 -18"><span class='ocrx_word' id='word_1_324' title='bbox 409 3784 576 3846; x_wconf 80' lang='lat' dir='ltr'><strong>nobilitatis</strong></span> <span class='ocrx_word' id='word_1_325' title='bbox 596 3789 642 3845; x_wconf 84' lang='lat' dir='ltr'><strong>vel</strong></span> <span class='ocrx_word' id='word_1_326' title='bbox 663 3785 701 3844; x_wconf 91' lang='lat' dir='ltr'><strong>ad</strong></span> <span class='ocrx_word' id='word_1_327' title='bbox 721 3785 803 3844; x_wconf 88' lang='lat' dir='ltr'><strong>aliud</strong></span> <span class='ocrx_word' id='word_1_328' title='bbox 822 3817 842 3830; x_wconf 96' lang='lat'>-</span> <span class='ocrx_word' id='word_1_329' title='bbox 867 3783 1011 3864; x_wconf 84' lang='lat' dir='ltr'><strong>prosapiae</strong></span> <span class='ocrx_word' id='word_1_330' title='bbox 1032 3783 1195 3840; x_wconf 87' lang='lat' dir='ltr'><strong>multarum</strong></span> <span class='ocrx_word' id='word_1_331' title='bbox 1216 3815 1232 3828; x_wconf 94' lang='lat'>-</span> <span class='ocrx_word' id='word_1_332' title='bbox 1252 3792 1305 3841; x_wconf 90' lang='lat' dir='ltr'><strong>aut</strong></span> <span class='ocrx_word' id='word_1_333' title='bbox 1325 3785 1419 3862; x_wconf 84' lang='lat' dir='ltr'><strong>legere</strong></span> <span class='ocrx_word' id='word_1_334' title='bbox 1439 3811 1458 3828; x_wconf 87' lang='lat'>-</span> <span class='ocrx_word' id='word_1_335' title='bbox 1479 3778 1613 3839; x_wconf 86' lang='lat' dir='ltr'><strong>didicere·</strong></span> <span class='ocrx_word' id='word_1_336' title='bbox 1629 3781 1721 3841; x_wconf 85' lang='lat' dir='ltr'><strong>literis</strong></span> <span class='ocrx_word' id='word_1_337' title='bbox 1742 3811 1759 3826; x_wconf 91' lang='lat'><strong>·</strong></span> <span class='ocrx_word' id='word_1_338' title='bbox 1780 3799 1817 3839; x_wconf 87' lang='lat' dir='ltr'><strong>an</strong></span> 
     </span>
     <span class='ocr_line' id='line_1_28' title="bbox 411 3885 1820 3969; baseline -0.001 -21"><span class='ocrx_word' id='word_1_339' title='bbox 411 3893 489 3950; x_wconf 86' lang='lat' dir='ltr'><strong>alius</strong></span> <span class='ocrx_word' id='word_1_340' title='bbox 507 3921 526 3938; x_wconf 89' lang='lat'>-</span> <span class='ocrx_word' id='word_1_341' title='bbox 545 3889 713 3964; x_wconf 75' lang='lat' dir='ltr'><strong>‹rt-lubore,</strong></span> <span class='ocrx_word' id='word_1_342' title='bbox 733 3890 912 3950; x_wconf 86' lang='lat' dir='ltr'><strong>innocentiae</strong></span> <span class='ocrx_word' id='word_1_343' title='bbox 932 3920 951 3935; x_wconf 89' lang='lat'>-</span> <span class='ocrx_word' id='word_1_344' title='bbox 977 3889 1167 3969; x_wconf 74' lang='lat' dir='ltr'><strong>contepnant&#39;</strong></span> <span class='ocrx_word' id='word_1_345' title='bbox 1181 3917 1199 3936; x_wconf 69' lang='grc' dir='ltr'>ι</span> <span class='ocrx_word' id='word_1_346' title='bbox 1215 3885 1334 3969; x_wconf 78' lang='lat' dir='ltr'><strong>&#39;putant</strong></span> <span class='ocrx_word' id='word_1_347' title='bbox 1353 3905 1413 3944; x_wconf 87' lang='lat' dir='ltr'><strong>sese</strong></span> <span class='ocrx_word' id='word_1_348' title='bbox 1433 3919 1448 3930; x_wconf 95' lang='lat'>-</span> <span class='ocrx_word' id='word_1_349' title='bbox 1468 3889 1511 3944; x_wconf 85' lang='lat' dir='ltr'><strong>rei</strong></span> <span class='ocrx_word' id='word_1_350' title='bbox 1533 3906 1586 3966; x_wconf 85' lang='lat' dir='ltr'><strong>ego</strong></span> <span class='ocrx_word' id='word_1_351' title='bbox 1607 3917 1625 3934; x_wconf 87' lang='lat'>-</span> <span class='ocrx_word' id='word_1_352' title='bbox 1645 3896 1784 3968; x_wconf 80' lang='lat' dir='ltr'><strong>arrogant</strong></span> <span class='ocrx_word' id='word_1_353' title='bbox 1802 3917 1820 3932; x_wconf 91' lang='lat'>-</span> 
     </span>
     <span class='ocr_line' id='line_1_29' title="bbox 413 3993 1821 4074; baseline -0.001 -22"><span class='ocrx_word' id='word_1_354' title='bbox 413 3994 584 4054; x_wconf 84' lang='lat' dir='ltr'><strong>facundiam</strong></span> <span class='ocrx_word' id='word_1_355' title='bbox 606 4027 622 4040; x_wconf 83' lang='lat'>-</span> <span class='ocrx_word' id='word_1_356' title='bbox 642 3997 805 4055; x_wconf 85' lang='lat' dir='ltr'><strong>lacerarent</strong></span> <span class='ocrx_word' id='word_1_357' title='bbox 823 4027 842 4042; x_wconf 91' lang='lat'>-</span> <span class='ocrx_word' id='word_1_358' title='bbox 861 4005 1001 4074; x_wconf 85' lang='lat' dir='ltr'><strong>superent</strong></span> <span class='ocrx_word' id='word_1_359' title='bbox 1019 4025 1038 4040; x_wconf 88' lang='lat'>-</span> <span class='ocrx_word' id='word_1_360' title='bbox 1064 3995 1167 4052; x_wconf 84' lang='lat' dir='ltr'><strong>faleras</strong></span> <span class='ocrx_word' id='word_1_361' title='bbox 1186 3995 1204 4040; x_wconf 85' lang='lat'><strong>-&#39;</strong></span> <span class='ocrx_word' id='word_1_362' title='bbox 1221 3994 1395 4072; x_wconf 82' lang='lat' dir='ltr'><strong>profuerant</strong></span> <span class='ocrx_word' id='word_1_363' title='bbox 1414 4022 1432 4037; x_wconf 91' lang='lat'>-</span> <span class='ocrx_word' id='word_1_364' title='bbox 1453 3993 1548 4048; x_wconf 89' lang='lat' dir='ltr'><strong>multa</strong></span> <span class='ocrx_word' id='word_1_365' title='bbox 1568 4001 1717 4070; x_wconf 89' lang='lat' dir='ltr'><strong>oportuna</strong></span> <span class='ocrx_word' id='word_1_366' title='bbox 1736 4025 1751 4037; x_wconf 94' lang='lat'>-</span> <span class='ocrx_word' id='word_1_367' title='bbox 1771 4010 1821 4052; x_wconf 89' lang='lat' dir='ltr'><strong>or-</strong></span> 
     </span>
     <span class='ocr_line' id='line_1_30' title="bbox 412 4094 1823 4180; baseline -0.001 -22"><span class='ocrx_word' id='word_1_368' title='bbox 412 4097 499 4158; x_wconf 81' lang='lat' dir='ltr'><strong>tabor</strong></span> <span class='ocrx_word' id='word_1_369' title='bbox 518 4129 536 4144; x_wconf 92' lang='lat'>-</span> <span class='ocrx_word' id='word_1_370' title='bbox 556 4099 716 4158; x_wconf 85' lang='lat' dir='ltr'><strong>mollitiam</strong></span> <span class='ocrx_word' id='word_1_371' title='bbox 737 4134 753 4145; x_wconf 91' lang='lat'>-</span> <span class='ocrx_word' id='word_1_372' title='bbox 782 4100 852 4160; x_wconf 78' lang='lat' dir='ltr'><strong>haee.</strong></span> <span class='ocrx_word' id='word_1_373' title='bbox 864 4112 953 4180; x_wconf 89' lang='lat' dir='ltr'><strong>atquc</strong></span> <span class='ocrx_word' id='word_1_374' title='bbox 973 4099 1032 4158; x_wconf 88' lang='lat' dir='ltr'><strong>alia</strong></span> <span class='ocrx_word' id='word_1_375' title='bbox 1051 4131 1067 4145; x_wconf 93' lang='lat'>-</span> <span class='ocrx_word' id='word_1_376' title='bbox 1093 4099 1251 4177; x_wconf 85' lang='lat' dir='ltr'><strong>contepnit</strong></span> <span class='ocrx_word' id='word_1_377' title='bbox 1268 4128 1286 4145; x_wconf 86' lang='lat'>-</span> <span class='ocrx_word' id='word_1_378' title='bbox 1305 4096 1483 4176; x_wconf 84' lang='lat' dir='ltr'><strong>jocundiora</strong></span> <span class='ocrx_word' id='word_1_379' title='bbox 1501 4127 1521 4144; x_wconf 89' lang='lat'><strong>··</strong></span> <span class='ocrx_word' id='word_1_380' title='bbox 1538 4094 1660 4178; x_wconf 81' lang='lat' dir='ltr'><strong>flagitiis</strong></span> <span class='ocrx_word' id='word_1_381' title='bbox 1679 4095 1823 4156; x_wconf 87' lang='lat' dir='ltr'><strong>omnibus.</strong></span> 
     </span>
     <span class='ocr_line' id='line_1_31' title="bbox 412 4200 1818 4287; baseline -0.001 -26"><span class='ocrx_word' id='word_1_382' title='bbox 412 4201 583 4262; x_wconf 81' lang='lat' dir='ltr'><strong>decoravere</strong></span> <span class='ocrx_word' id='word_1_383' title='bbox 599 4233 618 4249; x_wconf 91' lang='lat'>-</span> <span class='ocrx_word' id='word_1_384' title='bbox 631 4206 789 4282; x_wconf 88' lang='lat' dir='ltr'><strong>respondi,</strong></span> <span class='ocrx_word' id='word_1_385' title='bbox 804 4227 900 4287; x_wconf 90' lang='lat' dir='ltr'><strong>pauca</strong></span> <span class='ocrx_word' id='word_1_386' title='bbox 912 4238 930 4253; x_wconf 92' lang='lat'>-</span> <span class='ocrx_word' id='word_1_387' title='bbox 943 4205 1058 4265; x_wconf 87' lang='lat' dir='ltr'><strong>bonum</strong></span> <span class='ocrx_word' id='word_1_388' title='bbox 1070 4205 1205 4264; x_wconf 87' lang='lat' dir='ltr'><strong>animum</strong></span> <span class='ocrx_word' id='word_1_389' title='bbox 1219 4200 1325 4264; x_wconf 85' lang='lat' dir='ltr'><strong>habete</strong></span> <span class='ocrx_word' id='word_1_390' title='bbox 1338 4237 1356 4251; x_wconf 96' lang='lat'>-</span> <span class='ocrx_word' id='word_1_391' title='bbox 1367 4225 1456 4266; x_wconf 88' lang='lat' dir='ltr'><strong>nemo</strong></span> <span class='ocrx_word' id='word_1_392' title='bbox 1476 4205 1595 4286; x_wconf 81' lang='lat' dir='ltr'><strong>ignavia</strong></span> <span class='ocrx_word' id='word_1_393' title='bbox 1615 4223 1641 4265; x_wconf 87' lang='lat' dir='ltr'><strong>o.</strong></span> <span class='ocrx_word' id='word_1_394' title='bbox 1658 4221 1726 4262; x_wconf 83' lang='lat' dir='ltr'><strong>rao.</strong></span> <span class='ocrx_word' id='word_1_395' title='bbox 1748 4220 1818 4281; x_wconf 88' lang='lat' dir='ltr'><strong>pre-</strong></span> 
     </span>
     <span class='ocr_line' id='line_1_32' title="bbox 410 4287 1315 4392; baseline 0.003 -25"><span class='ocrx_word' id='word_1_396' title='bbox 410 4308 488 4368; x_wconf 89' lang='lat' dir='ltr'><strong>tium</strong></span> <span class='ocrx_word' id='word_1_397' title='bbox 509 4308 646 4372; x_wconf 84' lang='lat' dir='ltr'><strong>amicitiae</strong></span> <span class='ocrx_word' id='word_1_398' title='bbox 666 4318 722 4369; x_wconf 83' lang='lat' dir='ltr'><strong>tuae</strong></span> <span class='ocrx_word' id='word_1_399' title='bbox 742 4343 757 4356; x_wconf 91' lang='lat'>-</span> <span class='ocrx_word' id='word_1_400' title='bbox 778 4315 869 4392; x_wconf 84' lang='lat' dir='ltr'><strong>gerite</strong></span> <span class='ocrx_word' id='word_1_401' title='bbox 891 4314 936 4372; x_wconf 87' lang='lat' dir='ltr'><strong>uti</strong></span> <span class='ocrx_word' id='word_1_402' title='bbox 955 4311 1044 4380; x_wconf 83' lang='lat' dir='ltr'><strong>ruitis</strong></span> <span class='ocrx_word' id='word_1_403' title='bbox 1064 4342 1083 4360; x_wconf 92' lang='lat'>·</span> <span class='ocrx_word' id='word_1_404' title='bbox 1107 4287 1315 4374; x_wconf 69' lang='lat' dir='ltr'><strong>ua&#39;renitei.</strong></span> 
     </span>
    </p>
   </div>
   <div class='ocr_carea' id='block_1_7' title="bbox 0 0 2202 5348">
    <p class='ocr_par' dir='ltr' id='par_1_7' title="bbox 0 0 2202 5348">
     <span class='ocr_line' id='line_1_33' title="bbox 0 0 2202 5348; baseline 0 0"><span class='ocrx_word' id='word_1_405' title='bbox 0 0 2202 5348; x_wconf 95' lang='lat' dir='ltr'><strong> </strong></span> 
     </span>
    </p>
   </div>
  </div>
 </body>
</html>
