4230 5348
1681 433 1730 526 95

315 617 503 690 relicuum.
523 613 781 698 Adjeotivorum
791 619 953 682 neutrum
964 613 1099 700 plurale
1112 632 1176 700 pro
1183 614 1396 682 substantivo
1405 618 1558 704 positum
1569 631 1733 704 sequente

316 729 488 816 genitium
506 745 582 808 quae
594 722 736 806 quidem
745 723 932 786 verborum
938 729 1107 786 structura
1116 724 1210 806 apud
1220 721 1376 788 Tacitum
1386 731 1437 792 est
1448 721 1732 814 frequentissima,

315 836 410 919 apud
432 831 620 896 Salustium
642 827 762 892 rarior.
790 827 854 922 cfr.
874 827 1074 892 Ruddimm.
1092 829 1257 892 Instituit.
1277 829 1392 898 Gram.
1407 833 1451 892 ΙΙ.
1467 855 1502 915 p.
1521 834 1571 896 65.
1592 834 1734 902 desen·

316 938 426 1002 tentia
445 935 504 1000 cfr.
520 933 592 999 Liv.
612 950 662 1012 42.
689 935 743 996 50:
765 953 851 1007 «neo
869 933 1069 1018 praeclarius
1085 933 1277 1016 quidquam
1296 955 1402 1015 qnam
1418 954 1483 1018 pro
1506 935 1674 1022 dignitate
1690 959 1730 1003 ac

316 1042 491 1122 majestate
508 1042 642 1104 omnem
655 1038 831 1104 fortunam
846 1045 1023 1124 expertum
1039 1058 1120 1105 esse.
1133 1037 1290 1124 potiora
1302 1060 1376 1104 esse
1378 1035 1486 1132 forti
1499 1038 1575 1105 viro
1586 1038 1733 1130 -7forti

316 1167 381 1233 pro
397 1145 632 1210 additamento
642 1144 755 1211 habeo
771 1145 948 1224 cujusdam
960 1143 1174 1229 interpretis:
1194 1146 1363 1210 Salustius
1386 1145 1481 1210 enim
1498 1142 1576 1212 viro
1591 1147 1735 1232 praecise

317 1273 358 1318 ea
382 1251 527 1316 notione
552 1270 682 1337 ponere
703 1259 811 1330 amat3
829 1249 910 1316 vide
925 1249 1024 1313 Catil.
1048 1252 1098 1314 58.
1118 1252 1195 1337 lug.
1219 1256 1291 1319 31.»
1310 1270 1491 1337 perperam
1510 1251 1560 1316 ita
1584 1254 1737 1338 Curtius,

318 1356 400 1440 quia
421 1357 540 1421 omnia
559 1355 755 1420 Salustiana
774 1355 866 1422 dicta
883 1359 1045 1420 adunam
1062 1357 1277 1438 eandemque
1294 1377 1453 1420 normam
1466 1355 1589 1443 exigit;
1610 1362 1735 1422 eodem

315 1461 393 1542 jure
414 1463 529 1528 dicere
551 1461 669 1544 licuit,
692 1459 767 1529 viro
785 1461 944 1530 additum
961 1480 1033 1532 esse
1051 1459 1112 1524 cfr.
1131 1460 1209 1546 lug.
1226 1475 1283 1536 42:
1304 1464 1386 1534 „sed
1403 1462 1498 1525 bono
1513 1457 1609 1526 vinci
1628 1462 1736 1526 satius

319 1578 400 1636 eset
430 1577 463 1634 et
485 1587 587 1652 snpra
612 1568 706 1630 Orat.
726 1568 832 1638 Phil:
853 1574 888 1634 et
908 1575 1033 1653 augete
1054 1566 1238 1653 ingenium
1264 1562 1351 1629 viris
1365 1559 1596 1654 sortibus-
1614 1587 1739 1631 omnes

320 1670 390 1738 ulii
414 1669 534 1737 creati
553 1693 625 1756 pro
638 1669 730 1762 jure
751 1679 867 1738 vestro
887 1692 960 1735 non
976 1673 1082 1737 modo
1101 1672 1277 1757 tribunos,
1301 1673 1362 1735 sed
1385 1689 1506 1736 omnes
1523 1672 1742 1756 magistratus

319 1778 505 1864 intelligit,
531 1781 626 1860 quod
647 1799 688 1842 ex
711 1776 933 1860 sequentibus
952 1772 1107 1860 imperia
1128 1776 1349 1862 intelligitur.
1377 1771 1578 1859 meliusque
1604 1775 1741 1840 habent

319 1885 481 1954 mercede
492 1883 700 1966 delinquere
709 1903 817 1962 quam
822 1876 946 1970 gratis
954 1888 1054 1945 recle
1049 1876 1193 1968 facere.
1208 1880 1267 1943 cir.
1286 1881 1491 1964 supraOrat.
1502 1881 1656 1966 Philipp.
1668 1879 1740 1944 ini-

320 1988 368 2052 tio
378 2010 448 2071 per
460 1985 623 2054 militare
635 1990 768 2051 no‘men
777 1993 869 2050 recte
886 1986 1023 2049 Curtius
1041 2003 1125 2067 „per
1137 2003 1267 2048 nomen
1275 1982 1412 2050 militiae
1419 1993 1452 2060 ,»
1472 1985 1497 2048 i.
1516 2004 1545 2048 e.
1558 1988 1653 2066 quod
1666 1984 1744 2047 bel-

319 2091 395 2152 lum
413 2093 483 2153 sibi
504 2099 623 2154 contra
647 2094 763 2154 hostes
780 2087 982 2171 reipublicae
999 2090 1192 2170 gerendum
1216 2105 1288 2147 esse
1309 2087 1439 2145 dicunt.
1461 2087 1549 2146 falso
1574 2087 1741 2148 Wassins:

321 2193 404 2276 quia
417 2191 581 2254 dicuntur
594 2188 844 2272 imperatores.
866 2187 927 2250 cfr.
940 2190 1017 2270 lug.
1037 2202 1088 2260 41.
1116 2205 1238 2247 arcem
1254 2183 1390 2247 liabent
1410 2205 1455 2248 eu
1473 2181 1603 2268 spoliis
1617 2185 1744 2251 vestris

322 2319 364 2364 ex
383 2297 443 2379 iis,
461 2315 537 2376 quae
555 2293 654 2358 vobis
667 2289 835 2374 eripiant,
856 2288 926 2352 sibi
949 2287 1095 2370 praesdia
1113 2293 1283 2368 quaerunt.
1305 2283 1460 2371 repotiis
1477 2287 1602 2353 vestris
1615 2292 1691 2357 Vat.
1709 2312 1737 2354 r.
1781 2293 1783 2300 '

322 2404 383 2470 cir.
403 2421 505 2484 supra
522 2401 616 2459 Orat.
633 2393 760 2472 Lepidi
775 2412 821 2452 ne
836 2389 957 2469 spolia
974 2400 1092 2452 vestra
1107 2411 1218 2468 penes
1230 2389 1335 2456 illum
1355 2388 1440 2455 sint.
1464 2394 1550 2460 Arx
1569 2402 1609 2459 ut
1629 2396 1745 2460 muni·
1800 2383 1802 2388 ⁵

322 2515 478 2574 mentum
497 2509 531 2566 et
547 2494 747 2584 praesidium
765 2489 952 2574 saepissime
973 2488 1013 2553 ei
1031 2488 1213 2570 dicuntur,
1234 2511 1311 2570 quae
1333 2500 1551 2560 securitatem
1573 2508 1745 2580 praestant.

324 2633 365 2678 ex
381 2605 576 2676 innumeris
594 2600 681 2666 locis
704 2616 814 2660 unum
837 2595 994 2658 laudasse
1018 2590 1174 2657 sufficiet.
1207 2592 1275 2658 Cic.
1297 2595 1415 2659 Divin.
1453 2595 1493 2658 in
1526 2603 1639 2664 Caecil.
1657 2627 1684 2666 o.
1710 2607 1745 2671 5:

323 2715 380 2782 lex
401 2714 671 2798 repetundarum
689 2723 749 2768 arx
768 2700 952 2767 sociorum.
979 2718 1062 2761 cum
1093 2692 1242 2761 interim
1272 2695 1333 2762 cfr.
1355 2693 1507 2786 lugia:
1541 2701 1744 2772 multitudo

325 2817 482 2908 siugulis
494 2800 956 2880 habendos»-multitudo
972 2803 1056 2886 quia
1075 2799 1210 2868 dixerat
1217 2821 1445 2884 paucorum
1466 2827 1532 2870 uos
1546 2811 1653 2874 semel
1668 2817 1747 2874 tan-

326 2933 399 2988 tum
412 2922 545 3008 posuit,
567 2940 645 2984 cum
663 2936 782 2984 sensus
798 2915 854 2978 bis
869 2911 1037 2993 requirat3
1058 2913 1119 2975 sed
1132 2907 1182 2974 sic
1193 2908 1321 2986 solent,
1342 2909 1424 2976 vide
1442 2910 1540 2975 Catil.
1558 2914 1608 2974 52.
1626 2921 1754 2977 male·

328 3031 418 3094 Cort.
441 3027 502 3091 cfr.
526 3027 676 3088 Gronov.
702 3023 747 3083 ad
769 3019 838 3082 Liv.
866 3023 916 3080 32.
942 3034 990 3078 21.
1017 3018 1077 3082 sed
1104 3035 1223 3080 omnes
1250 3014 1341 3098 fere,
1363 3015 1426 3097 qui
1446 3015 1649 3097 laudantur,
1674 3021 1746 3087 loci

329 3134 437 3199 alieni
454 3137 552 3205 sunt;
581 3135 699 3192 nostro
722 3126 817 3192 enim
833 3142 1026 3207 pronomen
1051 3142 1111 3186 vos
1132 3111 1187 3186 bis
1204 3141 1335 3206 ponere
1355 3141 1648 3206 supervacaneum
1666 3125 1745 3189 fuit.

329 3233 417 3306 Nisi
426 3238 513 3320 quio
531 3229 751 3326 nosmetipsi
763 3250 833 3312 per
844 3221 1027 3314 suffragia
1044 3215 1093 3290 ita
1106 3215 1340 3308 antiquissimi
1352 3227 1526 3308 Editores3
1540 3226 1749 3315 vosmetipsi

332 3341 437 3406 habet
454 3337 593 3416 Rivius3
613 3357 654 3402 ex
667 3334 768 3398 libris
786 3328 955 3399 vobismet
967 3325 1053 3419 ipsis
1068 3331 1265 3395 emendavit
1285 3332 1500 3418 ciacconius,
1522 3334 1629 3416 idque
1644 3336 1747 3400 estin

332 3448 467 3534 duobus
495 3440 666 3511 Vaticanis
687 3438 828 3520 nostris,
855 3439 914 3504 sed
941 3435 1111 3501 vobismet
1130 3432 1202 3530 ipsi
1222 3457 1327 3519 quam
1343 3439 1530 3504 lectionem
1545 3439 1633 3501 Edit.
1647 3438 1748 3522 prin-

334 3573 411 3639 ceps
430 3549 578 3633 exhibet,
592 3547 694 3612 unice
713 3565 833 3610 verum
853 3542 913 3607 cfr.
932 3545 976 3607 ad
986 3542 1084 3607 Catil.
1105 3560 1156 3605 ro.
1178 3565 1388 3610 concessere
1405 3541 1495 3608 illuc
1514 3543 1563 3606 ita
1581 3545 1651 3606 duo
1667 3545 1744 3609 Vnt.
1867 3629 1872 3632 -
1981 3619 1984 3625 ¹

333 3659 357 3723 i.
377 3680 407 3723 e.
427 3677 616 3743 paucorum
642 3652 834 3739 potentium
860 3657 975 3735 partes
999 3657 1191 3732 sequuntur
1216 3659 1255 3714 ut
1282 3668 1400 3734 supra:
1429 3667 1637 3713 concessere
1657 3643 1745 3737 jam

335 3768 374 3829 in
390 3782 597 3848 paucorum
624 3753 920 3823 dominationem.
946 3755 1020 3820 Liv.
1048 3777 1096 3836 ²9·
1118 3760 1173 3830 313
1195 3754 1235 3817 in
1256 3751 1426 3820 ditionem
1445 3751 1607 3826 alterius,
1628 3751 1676 3814 id.
1695 3757 1748 3832 39.

334 3892 369 3949 23
390 3869 431 3932 in
448 3865 672 3933 deditionem.
697 3864 791 3927 unde
808 3868 904 3946 patet
924 3860 1120 3926 concedere
1139 3859 1191 3922 ad
1207 3856 1367 3942 aliquem
1383 3878 1457 3923 non
1475 3861 1582 3924 modo
1600 3847 1687 3922 esse:
1708 3879 1747 3920 se

336 3972 476 4042 socium
489 3967 605 4037 alicui
621 3970 767 4051 addere,
788 3965 967 4030 sedetiam
985 3985 1024 4028 se
1040 3971 1159 4030 totum
1180 3960 1298 4027 alicui
1309 3961 1536 4046 permittere.
1548 4001 1589 4018 —
1609 3963 1676 4029 Ad
1687 3983 1747 4026 vos

334 4077 505 4145 redibunt
518 4072 685 4162 plerique
701 4106 742 4126 -
755 4065 926 4136 redibunt
938 4090 1011 4134 non
1031 4077 1080 4136 est
1101 4065 1141 4134 in
1160 4063 1267 4131 uodo.
1289 4089 1404 4149 neque
1437 4063 1478 4131 in
1498 4067 1586 4132 Edit.
1605 4069 1745 4132 Veneta.

337 4185 453 4268 itaque
466 4182 664 4268 delendum.
684 4174 785 4242 raris
807 4177 858 4240 ite
876 4181 947 4243 duo
965 4173 1139 4257 Vaticani,
1159 4173 1267 4251 idque
1284 4169 1514 4237 necessarium
1530 4179 1672 4256 propter
1693 4189 1748 4233 se·

338 4289 479 4374 quentia
499 4279 622 4356 ceteri.
638 4319 680 4356 -,-
702 4277 803 4348 raris
818 4317 859 4338 -·
888 4276 1111 4376 defindenda
1139 4279 1213 4367 hoec
1232 4275 1377 4360 ‚eortius
1400 4275 1477 4348 sinc
1494 4295 1595 4345 causa
1611 4269 1747 4338 uncinis
1864 4284 1871 4294 ·
