4282 5390
441 445 493 546 tss
902 469 911 484 ·
1534 439 1547 468 “
1615 425 1624 431 ’

377 635 536 703 tum
520 654 594 715 Jam
609 633 752 720 Pighius
768 631 891 696 Annal.
883 654 941 716 ..p
932 647 1020 713 ..ι7ο
1040 635 1131 695 recte
1149 628 1323 714 explicuit.
1343 629 1497 714 Scilicet,
1518 652 1563 696 ne
1582 635 1766 721 Pompejns
1779 664 1856 709 cnm

437 742 591 808 exercitu
614 741 745 826 victore
768 760 809 802 ex
826 737 983 802 Africa
972 758 1011 799 sn
1039 737 1158 800 urbem
1187 736 1329 817 rediret,
1330 720 1478 798 Sullam
1500 740 1597 800 hoc
1588 740 1794 846 rnstituisse,
1816 759 1856 814 ut

434 868 543 931 quam
562 847 635 928 ipse
654 846 692 908 in
713 845 810 906 illius
830 843 978 930 gratiam
993 840 1240 926 ferretlegem,
1262 841 1295 905 ei
1317 842 1475 904 tribunus
1487 843 1626 926 plebis
1616 856 1854 920 intercederet.

341 955 359 976 ³
434 955 513 1038 Qua
540 952 674 1013 ratione
701 950 798 1013 Sulla
824 959 859 1014 et
883 948 1117 1033 suspicionem
1143 947 1284 1030 vitavit,
1321 955 1355 1010 et
1382 949 1565 1032 Pompejus
1594 950 1704 1034 ipsius
1731 961 1855 1043 populi

428 1058 529 1141 jussu
543 1054 741 1142 prohibitus
758 1075 830 1120 esse
844 1055 1036 1120 videbatur.
1057 1089 1076 1104 -
1087 1057 1115 1117 6.
1126 1087 1145 1104 -
1167 1052 1266 1118 Orbe
1277 1060 1463 1117 terrarum
1471 1054 1673 1140 patriaque
1688 1070 1854 1129 extorres

434 1175 503 1234 etc.
525 1166 617 1228 Male
637 1168 711 1228 haec
725 1162 925 1247 composita.
945 1164 1065 1242 Itaque
1081 1157 1211 1237 Majum
1226 1168 1326 1242 puto,
1348 1181 1425 1222 cum
1445 1170 1641 1245 corruptam
1667 1166 1854 1234 lectionem

391 1247 396 1254 ι
432 1271 522 1337 orbe
538 1293 603 1356 pro
626 1270 715 1333 urbe
725 1271 764 1332 in
778 1290 840 1333 suo
855 1269 975 1333 codice
995 1266 1202 1350 invenisset,
1222 1275 1408 1352 terrarum
1426 1267 1610 1348 addidisse.
1628 1293 1726 1333 -12.-
1746 1276 1854 1340 Inter
1931 1255 1937 1264 ¹

433 1377 525 1440 loeva
552 1372 721 1439 moenium
751 1384 786 1440 et
808 1377 977 1439 dextrum
989 1371 1135 1458 flumen
1162 1376 1195 1437 T
1193 1372 1313 1436 uriam
1333 1375 1400 1436 hoc
1415 1372 1646 1456 fragmentum
1664 1379 1853 1462 explicatur

431 1480 578 1564 epistola
598 1480 755 1566 Pompeii
779 1484 823 1544 ad
842 1488 1001 1544 senatum
1021 1479 1097 1539 Lib.
1121 1481 1180 1546 111.
1200 1482 1253 1545 Fr.
1276 1500 1323 1540 ιι,
1345 1479 1408 1542 ubi
1428 1467 1590 1563 proeliirm
1613 1486 1706 1568 apud
1723 1489 1851 1551 tlumen

431 1586 575 1649 Turiam
593 1594 850 1650 commemorat.
884 1586 952 1648 Sed
973 1587 1016 1648 de
1041 1585 1265 1668 grammatico
1288 1605 1413 1669 genere
1435 1585 1537 1665 hujus
1556 1589 1650 1651 vocis
1669 1590 1742 1668 jam
1761 1594 1853 1675 apud

431 1692 595 1774 antiquos
609 1692 777 1755 dissensio
794 1700 876 1755 erat.
897 1692 1032 1755 Probus
1044 1691 1149 1755 etiam
1164 1699 1198 1754 et
1211 1691 1394 1775 Pompejus
1411 1691 1461 1771 (in
1483 1700 1569 1774 post.
1597 1705 1685 1777 part.
1706 1696 1853 1781 Donati)

438 1791 556 1860 Turia
577 1796 741 1862 videntur
761 1798 906 1883 legisse3
928 1797 990 1861 ille
1011 1798 1106 1860 enim
1127 1796 1292 1880 «lectum,
1319 1796 1451 1878 inquit,
1473 1809 1697 1862 unumneut.
1718 1802 1854 1886 generis
1891 1880 1892 1883 ¹

431 1915 561 1965 nomen
581 1904 648 1966 hac
668 1904 904 1967 declinatione
923 1924 978 1988 ap.
1001 1903 1206 1987 Salustium,
1241 1912 1278 1966 et
1297 1904 1467 1966 dextrum
1477 1900 1623 1988 flumen
1652 1903 1790 1990 Turia,
1819 1916 1854 1971 et

312 2095 317 2098 -
429 2007 536 2089 paulo
559 2007 670 2071 infra:
692 2011 759 2073 hoc
784 2010 909 2088 Turia,
932 2031 1060 2073 nomen
1076 2009 1247 2092 fluminis,
1267 2011 1395 2088 lectum
1420 2009 1458 2071 in
1475 2013 1516 2072 Il.
1535 2010 1662 2074 Histor.
1682 2012 1853 2108 Salustii}

429 2112 616 2193 Pompcjus
646 2116 805 2196 nullum,
836 2116 971 2194 inquit,¹
999 2137 1129 2179 nomen
1155 2126 1315 2180 neutrum
1340 2116 1504 2179 Latinum
1536 2139 1560 2178 a
1585 2109 1790 2180 terminatur
1817 2118 1853 2180 in

428 2215 647 2279 nominativo
669 2217 856 2301 singulari,
877 2226 1020 2302 excepto
1042 2239 1114 2283 uno
1146 2219 1280 2304 Turia,
1303 2241 1428 2284 nornen
1448 2222 1486 2282 id
1506 2222 1659 2283 fluminis
1678 2225 1770 2305 apud
1789 2224 1852 2284 Sa·

382 2363 386 2372 ,
427 2320 610 2386 tunium.»
631 2325 684 2385 Ita
710 2325 816 2387 ctiam
842 2325 976 2389 Phocas
999 2335 1164 2408 «neutro,
1188 2326 1322 2406 inquit,
1343 2348 1471 2409 genere
1494 2329 1642 2408 barbara
1663 2332 1733 2392 duo
1765 2329 1854 2392 lecta

428 2437 508 2490 sunt
519 2432 615 2514 apud·
628 2430 815 2493 Salustium
832 2429 978 2488 nomina
996 2429 1181 2485 fluminum
1196 2427 1266 2484 hoc
1287 2429 1469 2484 Mulucha
1490 2437 1524 2486 et
1542 2430 1613 2488 hoc
1638 2430 1770 2516 Turia,
1792 2431 1855 2513 qui

427 2533 540 2595 amnis
571 2543 622 2592 est
647 2530 819 2589 citerioris
847 2520 1047 2606 Hispaniae,
1070 2523 1114 2581 de
1133 2539 1203 2599 quo
1224 2519 1357 2603 plura
1346 2542 1385 2581 an
1407 2521 1546 2586 Plinio.
1568 2530 1695 2593 Contra
1708 2536 1854 2600 Prrscra

402 2656 490 2697 -nus
528 2627 680 2694 Turiam
712 2628 845 2709 inquit,
876 2627 939 2706 qui
966 2624 1177 2686 accusativus
1210 2624 1395 2688 masculini
1424 2637 1474 2691 est
1494 2633 1650 2717 generis,
1678 2659 1746 2699 non
1766 2660 1852 2704 neu·

430 2735 527 2804 trius
533 2744 549 2776 >‘
570 2733 681 2796 Graeci
700 2748 839 2812 quoque
863 2729 1045 2810 scriptores
1063 2727 1127 2780 Θου
1129 2712 1196 2803 ρίαν
1129 2739 1368 2811 ρπῡτῶμθν
1386 2733 1599 2803 scribunt·
1581 2755 1688 2818 nt.-
1669 2745 1850 2807 -Eodem

428 2860 530 2904 anno
558 2835 596 2900 in
620 2833 844 2900 Macedonia
871 2835 938 2896 hoc
962 2851 1055 2894 anno
1081 2833 1123 2892 U.
1147 2834 1184 2894 C.
1200 2833 1424 2900 DCLXXVlIl
1449 2843 1505 2905 vel
1533 2840 1677 2907 LXXIX.
1697 2857 1850 2932 gestum,

427 2945 576 3010 dubium
598 2945 691 3007 enim
715 2952 783 3019 est,
812 2962 896 3002 num
917 2937 1022 3001 Curio
1038 2936 1159 3000 consul
1178 2957 1224 2998 an
1243 2944 1429 3020 proconsul
1450 2946 1691 3010 Macedoniam
1707 2954 1860 3033 provin··

427 3051 518 3115 ciam
539 3049 674 3136 adierit.
694 3051 747 3110 De
770 3047 946 3138 Dardania
972 3046 1032 3108 cir.
1053 3046 1176 3106 Strabo
1199 3047 1278 3108 Rer.
1303 3047 1497 3133 Geograph.
1518 3052 1594 3114 Lib.
1616 3055 1690 3116 Vll.
1719 3078 1753 3139 p.
1779 3061 1851 3122 316.

428 3158 489 3218 Ed.
511 3154 600 3215 Alm.
622 3149 731 3216 dictoe
746 3151 915 3235 pec-unic
935 3152 958 3212 i.
987 3171 1015 3213 e.
1039 3149 1225 3232 imperatae.
1245 3152 1378 3216 Nonius
1397 3155 1516 3219 dictas
1532 3159 1717 3240 promissas
1740 3162 1851 3226 inter-

426 3267 600 3346 pretatur,
621 3259 746 3320 melius
759 3257 912 3320 Cortius:
934 3251 1161 3318 constitutas
1184 3263 1219 3318 et
1241 3259 1476 3342 praescriptas,
1501 3264 1755 3347 Phaedrumque
1774 3267 1850 3332 lau-

425 3367 501 3447 dat,
522 3383 552 3441 4.
571 3382 601 3440 4.
624 3367 685 3440 46:
704 3373 738 3426 et
756 3365 885 3425 dictam
904 3361 1018 3423 ventri
1043 3360 1229 3424 conferent
1250 3364 1445 3444 pecuniam.
1476 3369 1575 3430 -15.-
1593 3371 1665 3433 Sed
1696 3369 1768 3454 ipsi
1791 3370 1850 3461 fe·

425 3476 517 3531 runt
532 3477 695 3532 taurum.
714 3468 883 3531 Salustius
893 3467 931 3529 in
942 3465 1110 3528 Sardiniae
1127 3465 1196 3526 situ
1211 3469 1439 3531 describendo
1454 3471 1557 3532 etiam
1574 3477 1618 3536 de
1637 3475 1752 3538 insula
1767 3481 1853 3542 Cor·

424 3574 496 3640 sica
514 3575 622 3659 egisse
635 3573 839 3655 fabulasque
856 3591 1010 3654 narrasse
1026 3571 1181 3646 radetur,
1193 3590 1269 3650 quae
1283 3573 1326 3634 de
1342 3582 1413 3653 ejus
1423 3575 1732 3657 antiquitatibus
1702 3602 1847 3670 circum·

425 3677 627 3744 ferebantur
647 3679 708 3741 cfr.
719 3677 811 3742 infra
831 3678 979 3766 fragm.
969 3699 1036 3740 mc.
1058 3699 1136 3760 2²23
1158 3676 1287 3739 similia
1301 3679 1404 3741 habet
1417 3679 1610 3763 Stephanus
1625 3687 1668 3747 de
1682 3664 1846 3752 urbibus.

425 3769 561 3888 Ilipula,
581 3790 673 3877 νῆσος
690 3790 722 3864 ἐν
741 3789 789 3892 τῷ
807 3790 982 3895 Τυῤῥηνικῷ
999 3775 1171 3881 πελάγει,
1201 3780 1276 3862 dno*
1294 3775 1355 3886 rip
1357 3818 1416 3876 ς
1434 3780 1548 3880 donans
1564 3783 1729 3882 liconiam
1747 3787 1847 3893 >tipa-

426 3937 483 3982 τοιι
511 3909 572 3982 acal
591 3902 873 4006 Komaia-16.-
856 3938 938 3978 ne
953 3911 1020 3977 allo
1036 3925 1148 3980 tauro
1160 3936 1274 3999 parra
1288 3910 1381 3998 sant,
1403 3935 1449 3979 ne
1462 3938 1527 4000 pro
1548 3920 1677 3983 nedum
1692 3923 1845 4006 positum

427 4038 499 4084 esse
517 4020 722 4103 interpretes
742 4021 1028 4084 animadvertunt.
1054 4025 1185 4084 Donat.
1206 4023 1266 4083 Ed.
1297 4023 1443 4084 Froben.
1479 4023 1566 4103 1592.
1578 4025 1721 4107 perita.
1751 4031 1845 4092 was»

427 4124 499 4190 sius
518 4121 664 4206 ,pavita
681 4123 730 4187 sit
749 4131 842 4208 quod
861 4127 1049 4212 Pasiphaen
1068 4135 1102 4190 et
1126 4127 1361 4190 Minotaurum
1373 4127 1525 4218 cogitat,
1531 4137 1549 4172 »
1577 4121 1759 4230 additque.
1788 4132 1845 4198 sin

427 4227 560 4315 minus,
583 4233 626 4291 ad
648 4232 827 4294 Lucullum
855 4233 962 4319 refer,
982 4233 1045 4315 qui
1072 4242 1208 4297 taurum
1229 4223 1320 4314 Ευφρ
1321 4204 1384 4311 0th
1414 4204 1617 4314 dtadcripc
1638 4211 1755 4292 ²3¹1st
1772 4238 1844 4303 Alii

420 4345 565 4427 parata
583 4337 640 4402 rel
654 4345 775 4421 panta
795 4339 934 4425 legunt,
967 4348 1002 4405 et
1026 4339 1081 4405 vel
1101 4341 1169 4405 hoc
1188 4342 1234 4404 ad
1257 4341 1430 4406 Corsicam
1445 4341 1595 4407 insulam
1620 4361 1642 4406 a
1661 4351 1760 4410 tauro
1770 4346 1843 4410 ἀο-
