4334 5354
428 547 499 640 ³94

424 737 504 796 haud
525 739 614 796 aliam
637 770 954 797 ...........
974 732 1150 812 capiendam
1171 771 1517 796 ............
1537 731 1697 811 prudentes
1719 734 1729 791 i
1750 775 1759 794 .
1779 775 1787 790 .
1818 775 1826 791 .

426 887 433 899 .
457 878 675 904 ........
698 838 738 895 mi
760 835 863 896 nobile
894 877 1090 902 .......
1112 879 1151 922 2·
1174 880 1182 895 .
1205 880 1213 896 .
1241 837 1423 916 laudantque
1444 829 1454 896 ζ
1477 878 1734 900 .........
1786 881 1795 898 .
1818 881 1826 895 .

424 963 455 1002 re
475 963 541 1020 pars
561 953 608 1001 sto
629 980 884 1004 .........
909 951 933 999 ts
953 940 1087 999 adfluunt
1109 979 1275 1003 ......
1286 946 1384 1016 firmo
1405 940 1499 1000 fidens
1519 921 1631 1000 auxilio
1653 983 1661 1000 .
1684 989 1691 1006 .
1715 983 1724 1001 .
1744 965 1828 1023 epa·

426 1050 496 1106 triae
511 1051 554 1130 in
570 1068 617 1105 me
638 1086 769 1116 .....
770 1033 773 1036 ’
791 1085 925 1110 .....
949 1049 1029 1104 rumi
1049 1047 1134 1107 aemil
1156 1084 1450 1111 ..........
1454 1051 1457 1057 ‘
1474 1049 1552 1106 ultra
1573 1067 1641 1126 prae
1664 1089 1826 1108 ......

426 1191 710 1213 ..........
714 1149 1562 1235 '........y......·.....eonsilium.

425 1241 568 1335 optimum
589 1254 753 1316 ridebatur.
774 1255 920 1337 Deinceps
935 1267 1053 1331 monet,
1074 1258 1106 1315 in
1123 1255 1240 1316 laxioris
1255 1277 1340 1337 agros
1356 1258 1507 1339 magisque
1522 1259 1674 1338 pecuarius
1695 1269 1730 1317 ut
1749 1278 1831 1339 egre·

426 1362 556 1434 (liuntur,
576 1359 640 1434 ubi,
660 1362 834 1441 priusquam
854 1341 963 1421 refecto
985 1363 1112 1421 exercitu
1123 1361 1237 1421 adesset
1249 1362 1395 1443 variatus,
1416 1372 1568 1442 augeretur
1589 1381 1729 1421 numerus
1748 1366 1831 1422 lectis
1918 1423 1922 1428 ,

427 1465 515 1545 viris,
535 1475 565 1524 et
585 1485 708 1544 propere
729 1475 857 1526 nanctus
878 1465 1021 1526 idoneum
1043 1487 1077 1526 ex
1097 1467 1220 1546 captivis
1241 1465 1346 1526 ducem
1368 1467 1545 1538 Picentinis,
1567 1467 1674 1527 deinde
1694 1466 1833 1528 Eburinis

426 1571 503 1651 iugis
523 1573 657 1630 occultus
677 1571 713 1628 ad
730 1571 816 1633 Naris
828 1571 972 1646 Lucanas,
992 1582 1081 1653 atque
1102 1571 1173 1632 inde
1192 1573 1291 1654 prima
1312 1575 1379 1632 luce
1399 1571 1589 1653 pervenitad
1610 1571 1693 1630 Anni
1707 1571 1833 1644 Forum,

426 1677 536 1756 ignaris
561 1675 735 1736 cultoribus
756 1675 797 1737 Ac
817 1678 917 1754 statim
938 1678 1057 1760 fugitivi
1078 1687 1181 1736 contra
1200 1688 1391 1758 praeceptum
1414 1677 1498 1738 ducis
1519 1696 1620 1756 rapere
1641 1677 1679 1734 ad
1698 1687 1833 1756 stuprum

429 1779 565 1857 virgines
576 1791 790 1862 matrunasquc
822 1775 858 1830 Et
877 1776 928 1830 alii
949 1793 966 1832 0
989 1812 1121 1833 ·····
1142 1815 1154 1833 ¹·
1175 1815 1185 1833 ·
1209 1815 1219 1834 ·
1239 1816 1251 1836 ·
1268 1813 1276 1835 .-
1298 1818 1833 1843 ..................

419 1923 436 1946 .·
555 1919 564 1940 .
584 1925 593 1943 .
616 1920 625 1938 .
647 1898 729 1937 nunc
756 1886 897 1936 restantes
928 1877 956 1941 ei
985 1875 1172 1952 illudebant,
1205 1880 1294 1940 simul
1316 1885 1509 1942 nefandum'
1501 1907 1541 1946 ιιι
1555 1886 1679 1946 modum
1700 1905 1836 1966 perversu

426 1988 550 2048 volnere
571 1995 599 2044 et
619 1983 768 2042 interdum
789 1984 922 2042 lacerum
942 1993 1050 2061 corpus
1070 1983 1281 2048 semianimum
1301 1987 1488 2048 omittentem
1522 1989 1603 2048 alii
1595 2009 1628 2047 m
1649 1992 1755 2048 tecta
1747 1991 1837 2048 recie-

432 2091 505 2151 bant
525 2091 620 2170 ignis,
641 2089 790 2168 multique
810 2107 844 2146 ex
863 2090 932 2148 loco
950 2090 1045 2162 servi,
1066 2108 1140 2170 quos
1161 2068 1316 2172 ingenium
1335 2093 1430 2155 socios
1450 2091 1556 2168 dabat,
1576 2091 1677 2152 abdita
1698 2113 1716 2151 a
1735 2093 1836 2165 dumi-

432 2199 490 2268 nis,
509 2206 561 2254 aut
581 2199 661 2275 ipsos
681 2191 839 2252 trahebant
858 2213 893 2252 ex
911 2182 1040 2267 occultm
1062 2215 1161 2274 neque
1181 2207 1318 2256 sanctum
1340 2207 1392 2264 aut
1411 2197 1576 2256 nefandum
1599 2199 1759 2278 quicquam
1781 2199 1839 2256 fuit

433 2287 493 2360 irae
510 2301 705 2363 ¹barbarorum
739 2310 768 2359 et
794 2300 892 2360 servili
921 2300 1054 2386 ingenio·
1087 2303 1170 2379 Quae
1190 2305 1347 2382 Spartacus
1367 2306 1512 2384 nequiens
1532 2303 1707 2383 prohibere,
1736 2305 1836 2362 multis

434 2407 571 2490 precibus
591 2427 660 2471 cum
676 2416 795 2486 praret,
816 2407 963 2466 celeritate
983 2419 1179 2488 praevertere,
1202 2409 1320 2468 mittere
1341 2409 1464 2471 nuntios
1485 2449 1836 2475 ............

436 2551 748 2590 .,.,.,.,...,.,.,.,
748 2551 919 2574 ......
931 2517 1401 2620 ‚..a.‚..tquanequee
1423 2553 1836 2578 ..............

437 2636 573 2676 mensec
596 2656 942 2678 ............
949 2655 985 2698 Ι.
996 2637 1009 2674 s
1029 2618 1163 2679 erudel.
1154 2656 1195 2680 ..
1215 2656 1436 2682 ........
1457 2630 1655 2701 occupatosa
1676 2661 1839 2679 ......

493 2722 643 2804 ..gravis
663 2725 758 2800 pler·
781 2759 948 2786 ......
965 2747 969 2755 ·
969 2761 1104 2784 .....
1124 2723 1213 2784 iilum
1244 2721 1356 2787 diem.
1374 2762 1690 2786 ...........
1719 2733 1839 2783 noctem

435 2759 482 2882 ibi·
501 2862 510 2881 .
531 2862 540 2880 .
563 2863 571 2879 .
593 2860 604 2884 ,
626 2867 634 2885 ,
655 2845 668 2894 ,-
689 2859 697 2876 .
718 2856 728 2876 .
751 2853 790 2884 ‚0
814 2855 823 2876 .
845 2839 890 2878 .s
926 2827 1080 2896 duprinao
1113 2835 1302 2886 armatorum
1335 2849 1465 2890 numero
1484 2868 1710 2892 ........
1686 2831 1841 2907 prima

437 2949 505 2988 cum
527 2929 593 2986 luce
613 2969 621 2984 .
643 2968 650 2984 .
672 2964 681 2983 .
702 2953 710 2984 a
733 2963 741 2982 .
763 2964 773 2992 ,
794 2959 803 2982 .
823 2960 864 2983 ..
893 2919 925 2981 ἰιι
952 2942 1062 3002 campo
1090 2930 1135 2982 sat
1154 2960 1411 2986 .........
1431 2925 1647 2986 nosaedificiis
1668 2968 1678 2990 .
1700 2969 1708 2984 .
1801 2971 1842 2989 ..

439 3075 593 3096 ......
614 3041 643 3090 et
664 3039 727 3091 tum
748 3039 868 3089 mamre
888 3025 921 3086 ἰη
940 3026 1022 3107 egris
1041 3038 1124 3086 erant
1144 3024 1283 3089 autumni
1291 3027 1459 3104 frwrrenta.

482 3202 487 3213 ¹
517 3135 576 3214 Sed
596 3139 628 3193 in
650 3156 666 3195 e
688 3173 905 3197 ........
926 3153 967 3194 no
986 3131 1036 3192 die
1056 3133 1140 3214 gnari
1160 3151 1195 3208 ex
1216 3133 1232 3192 f
1249 3170 1381 3198 .....
1387 3139 1392 3145 ’
1403 3174 1531 3198 .....
1552 3155 1693 3196 umorum
1707 3139 1779 3218 iugi
1801 3187 1809 3203 .
1832 3182 1841 3198 .

422 3315 426 3322 Ι
443 3283 690 3303 .........
712 3229 798 3300 venta
819 3260 833 3297 r
854 3273 1243 3300 .............
1264 3237 1404 3297 omnibus
1427 3282 1434 3296 .
1458 3285 1465 3301 .
1489 3280 1498 3296 .
