4230 5348
361 453 431 524 108
495 467 498 472 '

359 637 1317 733 salsumigiturquodLipsiusemendavitinsomniaEp.
1327 643 1493 727 Quaestus
1509 656 1563 718 ιι.
1577 645 1668 707 aede
1678 661 1773 709 mor

359 755 403 816 trs
412 774 552 844 genere,
563 749 957 834 quoPerseusrnterusse
966 748 1103 812 drcrtur
1110 747 1170 812 cfr.
1178 748 1267 811 Plut
1273 750 1314 813 V.
1321 746 1445 810 Aemil.
1452 747 1591 810 Paulic.
1598 752 1653 828 373
1667 748 1770 813 Diod.

359 858 424 922 Sic.
433 859 591 939 XXXJUp
605 873 652 931 ι4
673 859 734 930 Ed.
752 854 825 939 Bip.
835 854 958 933 Vellei.
968 855 1040 917 Pat.
1052 856 1079 917 Ι.
1094 874 1142 916 ιι
1163 855 1415 918 Eumenem-
1423 847 1621 934 prodidere
1638 849 1774 918 Antio·
1832 877 1835 882 ’

361 963 428 1026 cho
438 965 506 1025 hoc
517 981 558 1024 eo
569 961 807 1044 referendum,
820 963 915 1042 quod
926 959 1119 1024 Antiochus
1129 959 1264 1041 'aliquot
1273 977 1374 1044 regul
1362 954 1587 1042 'Pergameni
1601 957 1729 1042 oppida
1740 965 1774 1021 ot

361 1066 500 1129 castella
523 1067 745 1152 oppugnavit.
773 1067 833 1131 cfr.
851 1066 925 1130 Liv.
948 1071 999 1130 32.
1020 1067 1055 1129 8ε
1076 1075 1161 1148 quas
1182 1062 1356 1146 quidem
1345 1063 1490 1143 injurias
1515 1070 1587 1126 tum
1609 1061 1773 1146 temporis

359 1172 455 1235 bello
474 1173 699 1237 Macedonico
715 1173 897 1258 impliciti,
923 1170 1109 1236 defendere
1130 1189 1200 1234 non
1220 1169 1296 1234 ausi
1315 1176 1404 1233 sunt.
1435 1166 1542 1254 cujus
1567 1163 1774 1232 amicitiam

359 1273 523 1366 gloriose
544 1285 745 1346 ostentant.
773 1277 833 1342 cfr.
851 1277 998 1361 Appian.
1017 1279 1049 1339 d.
1075 1277 1109 1338 b.
1132 1255 1491 1401 Mithsss'mvnrpiwn
1510 1258 1678 1354 insitiens
1706 1257 1775 1344 ἑτι-

364 1368 520 1478 potuim
522 1365 1349 1481 ηταιφίλοιςκωιἧμιῖςΕὐμειεικωιΜωσο-οινοισση
1371 1414 1448 1476 quae
1477 1395 1518 1458 in
1547 1366 1705 1458 oratione
1730 1395 1775 1455 ad

360 1502 568 1566 Archelaum
586 1505 706 1568 habita
722 1504 819 1566 Sulla
839 1502 1016 1589 gloriatur.
1032 1510 1139 1586 post,
1159 1499 1325 1565 habitum
1347 1497 1525 1564 custodire
1547 1500 1598 1562 ita
1621 1498 1731 1565 Vatic.
1749 1497 1775 1560 l.

361 1623 465 1688 quam
485 1609 670 1673 lectionem
692 1629 809 1675 veram
832 1610 1007 1694 existimo,
1040 1607 1187 1671 maxime
1209 1628 1288 1669 curn
1311 1614 1346 1669 et
1372 1603 1501 1685 reliqui
1521 1604 1607 1666 libri
1626 1606 1774 1667 eandem

320 1693 325 1710 ⁸
362 1713 583 1789 confirment,
604 1735 680 1794 quae
710 1715 804 1779 enim
827 1736 868 1778 ex
892 1715 993 1780 libris
1010 1713 1112 1776 Fabri
1142 1721 1175 1776 et
1202 1709 1377 1775 Briconeti
1407 1717 1441 1773 et
1471 1707 1562 1770 Edit.
1584 1710 1670 1774 Ven.
1699 1709 1774 1770 lau-

361 1817 489 1877 dantur
508 1818 631 1880 verba=
654 1816 910 1900 posthabitum
933 1814 1080 1882 custodi
1099 1831 1140 1881 ex
1162 1818 1286 1881 eodem
1304 1815 1401 1880 fonte
1423 1817 1604 1877 fluxerunt.
1634 1813 1774 1878 Scilicet

361 1919 400 1981 id
418 1919 590 2005 significat
601 1920 837 1999 Mithridates,
858 1925 1035 1985 Romanos
1054 1921 1171 1984 Asiam
1188 1921 1238 1984 cis
1249 1923 1402 1983 Taurum
1416 1901 1563 1982 Eumeni
1580 1938 1652 1981 non
1667 1918 1773 1982 bene-

361 2025 515 2088 volentia
536 2027 759 2121 concessisse,
780 2030 840 2091 sed
858 2036 897 2090 ut
918 2030 980 2091 has
1003 2035 1111 2092 terras
1132 2027 1175 2088 ab
1196 2026 1318 2090 hostili
1332 2027 1465 2143 impetu
1481 2023 1689 2088 defenderet.
1712 2021 1786 2084 cfr..

362 2126 436 2188 Liv.
456 2131 506 2206 37.
524 2129 578 2187 56:
600 2126 804 2209 sumptibus
827 2137 863 2190 et
885 2127 1120 2194 contumeliis
1143 2152 1188 2193 ex
1206 2151 1292 2228 rege
1312 2128 1568 2194 miserrumum
1588 2146 1773 2190 servorum
1893 2123 1897 2132 '

363 2229 521 2310 effecere.
535 2230 595 2293 clr.
604 2231 678 2294 Liv.
690 2232 779 2316 Epit.
789 2234 904 2299 XLVI.
915 2234 1020 2297 Diod.
1030 2233 1129 2299 Sicl.
1141 2241 1192 2300 31.
1202 2237 1263 2297 Ed.
1270 2236 1343 2319 Bip.
1352 2236 1430 2300 Vol.
1441 2236 1496 2296 IX.
1507 2255 1542 2317 p.
1533 2235 1582 2295 .8.
1594 2240 1627 2295 et
1637 2231 1722 2314 App
1731 2232 1775 2296 de

360 2335 431 2398 r.eb
439 2335 568 2418 Syriae.
579 2357 605 2399 c.
616 2337 714 2403 XLV.
734 2324 808 2408 cirri
827 2320 898 2431 ya'p
917 2365 1004 2412 τινων
1013 2324 1292 2436 προσκρουμάτων
1307 2332 1362 2422 iili
1371 2365 1430 2409 uas
1419 2333 1499 2408 otis
1508 2333 1777 2435 Ρωμωιουςνπῑρ-

347 2424 535 2540 Ιβλίπθντᾶ·
551 2458 805 2522 recteCortius
819 2465 876 2526 «et
889 2457 1040 2518 Romam
1051 2458 1264 2535 quidemper
1275 2463 1660 2543 omnemaetatemreges
1671 2465 1775 2540 atque

361 2564 511 2646 populos
534 2555 701 2640 devictos,
721 2576 783 2640 per
806 2555 996 2619 amicitiam
1015 2576 1112 2619 suam
1131 2555 1240 2640 magis
1260 2555 1413 2642 fregere,
1433 2579 1538 2639 quam
1557 2561 1673 2625 hostes
1693 2563 1775 2625 illos

282 2718 287 2724 .
361 2666 521 2749 frangere
540 2663 764 2746 potuissent.)>
783 2658 1060 2741 simulatoque
1045 2657 1156 2743 impio
1177 2666 1395 2726 testamento
1415 2664 1481 2737 ..de
1494 2671 1696 2730 testamento
1715 2667 1774 2728 At·

363 2768 426 2831 tali
448 2764 572 2831 Justin.
590 2763 728 2829 XXXVI
752 2785 781 2826 c.
801 2765 857 2829 IV.
878 2763 1034 2845 quirem
1055 2765 1106 2827 ita
1123 2773 1258 2845 narrat,
1279 2774 1319 2828 ut
1333 2766 1436 2831 facile
1456 2769 1501 2831 sit
1521 2771 1773 2856 demonstratu,

250 2883 255 2897 ·
363 2873 531 2953 Attalum,
557 2891 635 2934 cum
654 2876 894 2933 testamentum
908 2867 1057 2952 faceret,
1079 2888 1202 2952 parum
1226 2869 1344 2933 animo
1362 2872 1521 2935 valuisse.
1540 2874 1621 2938 ride
1641 2872 1774 2940 ibidem

362 2981 615 3062 Berneggerum
636 2985 669 3040 et
688 2973 779 3037 Flor.
796 2975 839 3036 II.
861 2982 933 3036 ιο.>>
953 2972 1001 3037 id.
1021 2976 1107 3037 adde
1128 2975 1201 3039 Liv.
1217 2973 1307 3057 Epit.
1323 2972 1508 3060 68.filium
1532 2974 1610 3064 ejm
1623 2975 1773 3043 Aristo·

362 3079 487 3144 nicam
509 3080 640 3143 scilicet
660 3079 840 3162 Eumenis,
869 3099 973 3161 quem
998 3101 1039 3145 ex
1054 3080 1180 3162 pellice
1205 3079 1369 3162 Ephesia,
1386 3080 1570 3144 citharista
1597 3081 1773 3160 cujusdam

362 3185 454 3268 filia,
474 3194 649 3270 genuerat.
670 3183 730 3247 cfr.
746 3182 902 3247 Justinus
919 3183 943 3245 l.
961 3185 986 3246 l.
1003 3187 1097 3247 unde
1117 3182 1339 3246 manifestum
1362 3191 1412 3248 est
1428 3203 1556 3248 nomen
1573 3182 1703 3251 Attali
1722 3197 1774 3254 te·

362 3311 457 3354 mere
472 3290 514 3351 ab
531 3289 723 3354 editoribus
739 3308 811 3354 esse
829 3296 1004 3373 receptum
1010 3311 1024 3366 ,·
1044 3287 1123 3376 ejus
1136 3289 1230 3354 enim
1243 3297 1436 3371 pronomen
1452 3309 1525 3352 non
1545 3290 1614 3354 riisi
1634 3295 1678 3356 ad
1693 3312 1775 3375 pro-

362 3394 454 3457 xime
467 3398 671 3463 antecedens
685 3414 814 3458 nomen
834 3393 956 3458 referri
969 3401 1091 3476 potest.
1113 3393 1281 3458 ridiculus
1302 3404 1352 3460 est
1366 3394 1474 3480 igitur
1487 3397 1638 3481 Cortius,
1660 3400 1723 3481 qui
1739 3409 1774 3465 et

363 3495 638 3575 Freinshemium
655 3495 771 3571 filium
794 3496 969 3564 Eumenis
996 3493 1254 3588 Aristonicum
1277 3502 1516 3566 emendantem
1532 3502 1718 3588 vituperat,
1737 3513 1772 3570 et

280 3653 283 3662 .
363 3605 457 3666 hunc
483 3606 528 3665 ad
554 3609 741 3667 Eumenem
769 3604 893 3668 referri
911 3623 1011 3688 possa
1027 3605 1155 3672 statuit.
1179 3626 1249 3689 per
1276 3603 1500 3691 triumphum
1529 3609 1674 3674 duxere.
1702 3613 1771 3686 «Μ.

364 3710 538 3794 Aquillius
556 3713 599 3773 de
617 3709 681 3774 illo
702 3709 938 3794 triumphavit.
958 3710 1085 3782 dubius
1105 3719 1155 3778 est
1175 3711 1328 3790 Vellejus
1343 3715 1387 3776 II.
1410 3730 1441 3790 4.
1466 3722 1500 3779 et
1513 3715 1698 3802 Eutropius
1711 3719 1769 3784 IV.
1804 3722 1809 3730 “

365 3838 401 3896 9²
422 3805 549 3901 negare
567 3815 705 3881 videtur
726 3817 786 3879 sed
805 3835 884 3878 cum
906 3813 942 3878 in
969 3826 1103 3880 carcerc
1124 3823 1284 3881 necatum
1299 3822 1456 3897 tradant,
1486 3821 1603 3886 nullus
1632 3839 1773 3909 scrupu-

363 3919 419 3982 lus
438 3927 623 3990 remanete>
644 3923 682 3983 G.
704 3917 764 3984 cir.
779 3921 903 3983 Justin.
920 3922 970 3984 38.
986 3924 1019 3983 s:
1051 3917 1259 4010 Bithyniam
1274 3962 1317 3976 -
1335 3921 1520 4010 diripuere
1537 3929 1688 4012 pertinet
1704 3932 1772 3993 hoc

365 4026 411 4086 ad
428 4031 667 4085 testamentum
687 4023 778 4110 regis
806 4025 1019 4101 Nicomedis,
1040 4046 1111 4107 quo
1137 4029 1314 4093 Romanos
1329 4032 1474 4096 heredes
1495 4034 1595 4116 regni
1614 4034 1772 4098 institue-

365 4136 429 4190 rat.
450 4117 656 4211 vide'supra
677 4150 710 4212 p.
731 4143 780 4191 20.
801 4140 834 4195 et
851 4130 974 4210 Vellej.
993 4131 1037 4192 II.
1056 4149 1093 4208 4:
1115 4131 1314 4220 cumfilius
1331 4138 1454 4225 Nysa,
1475 4158 1584 4219 quam
1603 4134 1770 4222 reginam

367 4231 631 4315 adpettaverat,
652 4233 701 4295 ita
724 4233 814 4300 Vatt.
841 4256 868 4298 1.
897 4255 931 4300 a:
959 4243 1067 4315 recte3
1089 4253 1172 4300 nam
1196 4239 1249 4301 uti
1274 4249 1431 4304 externos
1453 4239 1645 4327 principes,
1666 4241 1715 4304 ita
1738 4249 1773 4306 ct

368 4352 487 4402 eorum
503 4356 625 4406 uxores
645 4358 665 4402 a
684 4340 850 4405 Romanis
869 4343 968 4427 regio
987 4341 1131 4410 nomine
1149 4355 1284 4412 ornatas
1298 4345 1419 4429 luisse,
1448 4345 1538 4415 mihi
1554 4345 1692 4428 quidem
1712 4350 1772 4411 ad-
