4282 5390
1697 455 1852 594 les

343 677 445 746 facile
465 676 651 766 intelligas
664 709 683 727 ·
695 691 725 755 4.
739 711 758 728 ··
777 678 906 762 Neque
925 695 983 744 me
999 674 1138 746 diversa
1155 680 1180 746 i.
1199 699 1228 745 e.
1253 682 1424 748 contraria
1442 682 1503 748 cir.
1522 685 1651 748 Suetcn
1667 688 1749 752 Ges.

344 810 371 854 c.
395 807 445 851 ao.
464 784 604 851 diversa
613 779 743 874 factio
761 784 835 850 Liv.
855 792 903 862 34.
923 802 955 864 4.
974 781 1129 853 Diversa
1147 783 1340 870 ductilia,
1363 787 1522 854 avaritia
1545 797 1581 854 et
1598 788 1752 856 luxuria

344 901 449 974 atque
468 891 518 955 ita
535 889 659 975 saepius
680 892 773 975 apud
790 889 991 976 historicos,
1010 892 1168 957 Tacitum
1186 891 1346 978 inprims
1363 902 1466 974 atque
1483 895 1696 960 Suetonium.
1713 890 1753 958 in

346 978 514 1060 ciuilibus
531 991 647 1059 armis
667 996 736 1058 hoc
755 995 891 1060 eortius
918 997 967 1060 ita
995 998 1164 1082 explicare
1185 998 1339 1082 videtur,
1373 1002 1468 1081 quod
1485 999 1524 1063 in
1542 1001 1637 1063 bello
1657 999 1754 1063 civili
1848 1031 1860 1046 =

346 1100 532 1166 contrarias
551 1108 666 1185 partes
684 1109 819 1166 secutus
831 1121 923 1182 sum3
946 1121 1023 1185 quac
1043 1104 1186 1184 quidem
1202 1104 1385 1192 explicatio
1406 1105 1438 1168 si
1453 1104 1535 1170 satis
1550 1111 1641 1168 certa
1658 1110 1755 1185 esset,

344 1214 436 1272 recte
454 1206 536 1272 inde
551 1208 744 1294 colligeres,
754 1209 942 1272 Salustium
959 1207 1131 1274 inanimo
1148 1211 1325 1297 habuisse,¹
1334 1211 1469 1276 bellum
1487 1195 1627 1295 quoque
1640 1208 1753 1286 civile,

344 1312 436 1378 inter
458 1314 627 1378 Gaesarem
652 1321 686 1377 et
709 1314 912 1400 Pompeium
935 1323 1089 1402 gestum,
1118 1315 1289 1402 scribere,'
1316 1320 1411 1399 quod
1429 1325 1509 1393 ante
1530 1319 1597 1381 hoc
1621 1322 1755 1399 tempus
1778 1382 1783 1394 ,

113 1437 123 1450 “
233 1475 237 1480 .
344 1418 497 1502 partium
514 1419 669 1492 studium
690 1420 724 1484 ei
745 1421 832 1486 vitio
859 1422 949 1488 verti
977 1443 1051 1488 non
1073 1423 1199 1507 potuit.
1228 1423 1364 1487 Dixerit
1393 1413 1509 1489 t'amen
1531 1422 1677 1504 aliquis,
1695 1422 1757 1482 Sa-

345 1523 489 1587 lustium
507 1525 563 1588 his
580 1524 695 1588 verbis
710 1525 750 1589 in
768 1527 969 1593 universum
989 1527 1144 1594 veritatis
1162 1526 1316 1595 studium
1335 1545 1406 1591 esse
1425 1528 1636 1611 professum,
1655 1527 1704 1590 ita
1717 1531 1758 1588 ut

344 1648 390 1692 ne
411 1629 562 1714 partium
583 1631 727 1713 quidem
742 1633 864 1699 studio
879 1636 926 1697 ad
940 1653 1018 1702 eam
1033 1632 1277 1699 infirmandam
1298 1632 1436 1717 impelli
1456 1633 1619 1717 potuerit.
1645 1633 1759 1715 Quam
1843 1631 1846 1638 '

345 1753 420 1817 rem
438 1735 478 1798 in
499 1736 615 1801 medio
634 1737 806 1823 relinquo.
828 1742 895 1806 Sed
914 1761 992 1805 cum
1010 1743 1228 1828 argumento,
1253 1742 1349 1823 quod
1366 1743 1439 1802 erat
1456 1744 1675 1819 tractaturus,
1698 1736 1759 1796 ad-

345 1842 489 1904 modum
513 1845 722 1910 conveniens
738 1854 824 1914 esset
841 1849 956 1912 brevis
975 1849 1019 1911 de
1036 1846 1221 1912 discordiis
1239 1846 1400 1911 civilibus
1420 1843 1623 1930 disputatio,
1640 1842 1679 1903 in
1695 1842 1760 1902 hu-

342 1941 399 2021 jus
417 1947 502 2012 mali
521 1969 646 2016 causas
663 1953 854 2018 accuratius
876 1952 1077 2036 inquisivit,
1097 1961 1131 2017 et
1159 1951 1367 2016 omniafere
1394 1957 1525 2015 exstare
1545 1943 1758 2033 putarem,

347 2067 426 2136 απαξ
450 2053 494 2116 de
518 2056 584 2120 hac
608 2063 646 2121 rc
666 2057 801 2143 inipso
820 2059 963 2124 exordio
987 2058 1161 2126 disseruit.
1181 2057 1240 2119 cfr.
1259 2055 1430 2140 Angustia
1455 2057 1499 2116 de
1526 2053 1598 2116 Cir.
1624 2050 1702 2111 Dei.
1715 2048 1759 2110 Π.

348 2171 377 2214 c·
399 2157 447 2213 18·
468 2161 524 2215 ÷5.
535 2193 550 2204 -
572 2158 697 2232 ,Nobis
711 2160 846 2242 primu
863 2159 1104 2225 dissensiones
1121 2194 1165 2211 -
1186 2175 1337 2216 evenere.
1360 2156 1419 2212 cfr.
1437 2153 1506 2240 Sic.
1526 2153 1588 2228 Ep.
1615 2151 1660 2206 ad
1683 2145 1761 2208 Div.

346 2256 404 2322 VI.
416 2250 466 2318 ar.
486 2255 675 2332 «timebam
694 2280 738 2323 nc
757 2260 935 2324 evenirent
951 2277 1007 2341 ea,
1028 2277 1105 2340 quae
1120 2257 1357 2330 acciderunt3l>
1372 2255 1421 2316 ita
1432 2251 1554 2337 saepius
1566 2249 1763 2336 promiscue

348 2359 423 2426 haec
443 2361 550 2424 verba
577 2369 796 2442 usurpantur.
833 2357 976 2436 inquies
998 2368 1111 2440 atque
1138 2356 1369 2427 indomitum.
1401 2357 1461 2422 cfr.
1483 2356 1577 2422 infra
1595 2357 1655 2420 Or.
1671 2355 1762 2420 Phil.

347 2481 488 2548 «expers
506 2461 663 2544 consilii,
685 2457 840 2540 inquies,
868 2459 943 2521 haec
972 2463 1078 2536 atque
1109 2451 1173 2522 illa
1196 2463 1382 2539 temptans,
1412 2464 1536 2524 metuit
1558 2462 1670 2526 otium
1687 2461 1763 2538 odit

346 2569 512 2632 bellum.»
529 2565 653 2630 lustin.
672 2579 723 2641 44.
746 2579 776 2625 a.
796 2559 979 2640 Vellej.11.
999 2561 1050 2622 68.
1068 2559 1153 2638 «νὴ
1166 2559 1306 2642 inquies
1324 2566 1358 2624 et
1373 2557 1466 2623 ultra
1481 2568 1608 2627 sortem
1618 2572 1761 2629 temera.
1861 2575 1864 2582 ’

349 2671 443 2737 riusa
460 2673 500 2736 id
515 2672 545 2736 lu
558 2671 582 2733 l.
601 2673 651 2754 78.
659 2669 799 2733 Tacitus
814 2687 887 2730 non
900 2687 973 2730 uno
987 2666 1084 2748 loco,
1097 2665 1170 2732 alii.
1182 2661 1402 2729 indomitum
1413 2666 1524 2729 Plaut.
1540 2669 1632 2731 Men.
1648 2689 1675 2729 1.
1691 2686 1721 2729 a.
1734 2690 1762 2736 r.

350 2776 478 2842 mulier
491 2775 663 2840 indomita
679 2775 859 2859 imposque
871 2770 980 2835 animi
989 2769 1086 2838 Trin.
1099 2774 1129 2835 3.
1145 2775 1175 2833 3.
1195 2787 1245 2834 aa.
1266 2771 1465 2835 adolescens
1474 2770 1675 2856 indomitus,
1689 2775 1763 2856 ple-

350 2899 416 2944 nus
441 2881 568 2944 amoris
581 2874 691 2962 atque
710 2879 870 2944 lasciviae.
893 2875 1036 2940 Bachid.
1057 2889 1088 2952 4.
1106 2891 1136 2938 a.
1157 2895 1209 2958 92.
1234 2871 1361 2936 Animo
1382 2875 1509 2958 cupido
1527 2882 1630 2955 atque
1650 2876 1762 2940 oculis

352 2985 532 3050 indomitis
550 2985 621 3066 fui;
641 2986 698 3050 Cic
713 3006 777 3071 pro
794 2985 927 3048 Cluent.
950 2986 980 3045 6.
1001 2983 1031 3044 Ο
1053 2979 1241 3045 libidinem
1263 2979 1470 3044 indomitam
1485 2985 1589 3061 atque
1615 2973 1762 3046 effrena.
1829 2969 1834 2976 ’

352 3095 454 3154 tam.²
475 3097 661 3155 certamen
681 3084 875 3154 libertatis.
895 3085 957 3152 cir.
976 3085 1074 3150 Catil.
1098 3107 1129 3166 7.
1521 3170 1524 3175 ‚
1661 3139 1663 3144 .

433 3198 494 3264 26.
506 3231 523 3244 -
543 3196 643 3262 Nam
663 3217 687 3258 a
700 3187 906 3276 primordio
916 3233 927 3266 ,
954 3191 1023 3253 hoc
1040 3189 1272 3276 fragmentum
1289 3192 1447 3273 sequenti
1465 3194 1760 3277 postponendum,

356 3303 452 3382 quod
471 3299 529 3362 his
553 3297 669 3360 verbis
699 3316 800 3359 suum
819 3299 864 3360 de
879 3297 1116 3358 Romanorum
1134 3295 1289 3361 moribus
1305 3295 1479 3375 judicium
1495 3299 1765 3366 confirmaverat.

354 3397 481 3484 Persi,
507 3399 680 3486 genitivus
708 3405 900 3464 contractus
922 3395 993 3482 pro'
1011 3394 1142 3464 Persei
1168 3419 1241 3464 non
1269 3398 1413 3485 Persis,
1448 3421 1525 3486 quae
1559 3402 1670 3465 Cortii
1695 3399 1764 3462 fuit

355 3505 493 3592 opinio;
513 3503 573 3569 cfr.
588 3503 778 3570 Schneider
794 3509 838 3569 de
853 3504 987 3570 Formis
996 3506 1035 3572 L.
1046 3507 1084 3566 L.
1099 3501 1247 3590 p.73.⁹)
1265 3526 1353 3588 -7.·
1371 3508 1444 3575 Res
1456 3509 1628 3574 Romana
1640 3499 1764 3586 pluri·-

355 3631 453 3676 mum
475 3605 626 3694 imperio
649 3607 764 3675 valuit
780 3611 874 3676 Serv.
897 3606 1057 3694 Sulpicio
1079 3616 1114 3673 et
1131 3611 1186 3676 M.
1204 3611 1390 3676 Marcello
1414 3611 1516 3677 Coss.
1535 3609 1565 3673 is
1581 3617 1632 3673 est
1652 3627 1763 3674 annus

356 3715 394 3778 Ρ.
410 3717 453 3779 U.
474 3717 509 3779 c.
527 3697 691 3794 necin..
711 3721 746 3786 et
762 3715 882 3783 tertius
905 3721 985 3783 ante
1002 3714 1137 3790 bellum
1153 3714 1257 3789 civile
1272 3716 1365 3793 inter
1381 3719 1547 3802 Gaesarem
1564 3721 1599 3780 ct
1615 3715 1767 3799 Pompe*

438 3987 639 4114 ‘sermm
655 3987 800 4120 quidam
815 4036 856 4102 in
872 4031 1090 4123 Epiremerid.
1101 4033 1168 4102 Lit.
1183 4034 1403 4119 Heidelberg.
1420 4035 1512 4100 hano
1524 4032 1620 4098 tituli
1631 4033 1762 4100 versio-

359 4137 449 4224 nem,
465 4146 505 4203 ut
517 4141 633 4207 minus
641 4143 798 4208 Latinam
810 4142 953 4228 notavit,
965 4143 1110 4220 nescius,
1124 4146 1239 4226 credo,
1251 4144 1452 4224 Varronem,
1464 4138 1761 4226 Quinctilium,

361 4242 513 4308 Gellium
529 4246 582 4310 ita
600 4247 756 4327 locutum
776 4267 848 4316 esse
877 4247 937 4320 cir.
957 4251 1001 4317 de
1020 4249 1059 4314 1.
1079 4249 1118 4322 L.
1139 4247 1230 4322 VIII.
1254 4259 1306 4330 49.
1336 4242 1485 4326 Institut.
1504 4244 1646 4314 Rhesos.
1671 4245 1713 4310 Χ.
1732 4263 1760 4305 ι.

255 4371 262 4379 ·
359 4347 401 4436 li.
419 4351 545 4418 exn
563 4367 610 4422 to.

1427 4478 1449 4575 ,7
