4334 5354
404 491 477 586 578
568 569 572 574 ,

403 687 576 747 adulescens
595 715 613 730 ·
639 677 803 741 decembris
823 711 839 725 -
866 677 915 743 Kl.
936 711 952 725 ·
981 675 1053 739 dam
1067 709 1084 724 -
1111 675 1291 756 optinendae
1312 709 1329 722 ·
1356 677 1389 735 in
1409 674 1489 736 Non.
1512 676 1673 738 februarias
1692 707 1713 730 ι·
1740 689 1784 740 set
1803 711 1821 728 -
1897 736 1903 752 ι

409 777 464 871 19.⁴⁸
476 810 532 871 pro
553 798 676 869 praetore
697 787 750 866 (m.
772 783 841 862 sec.)
864 794 983 866 questor
1002 817 1016 830 ·
1036 783 1110 843 boui
1131 784 1302 864 presidium
1324 787 1492 865 complures
1511 801 1533 830 ·'
1549 785 1637 844 etiam
1659 785 1733 845 dum
1754 819 1766 833 ·
1785 789 1819 846 in

403 896 558 979 provincia
579 914 640 975 quo
661 895 725 951 sine
744 890 875 950 ¹euercitu
888 921 907 938 -
925 893 984 953 tale
1006 890 1133 969 (facinus
1155 912 1196 950 m.
1217 889 1286 968 seo.)
1308 889 1408 949 fecisse
1421 921 1440 936 -
1459 890 1491 950 in
1513 889 1614 952 medio
1634 891 1819 974 derelinqui-

404 1001 570 1062 mus-satis
578 995 705 1058 dictum.
718 997 781 1076 (est.
793 1017 834 1059 m.
846 995 917 1075 see.)
925 1028 944 1043 ·
956 1013 1005 1056 πο.
1019 997 1179 1058 memoravi
1192 995 1308 1055 addidit
1319 1018 1360 1057 m.
1372 1016 1428 1058 sec.
1439 1017 1513 1078 saepe
1523 1018 1564 1062 m.
1573 1017 1596 1062 s.
1609 997 1736 1060 delevit·
1745 997 1819 1060 bor·

369 1127 371 1130 ·
400 1105 524 1166 tari-in
538 1102 720 1165 babditam‘-
729 1101 842 1190 Oresio
855 1084 1010 1163 Catilina·
1024 1103 1218 1182 forent-(mi
1227 1127 1268 1164 m.
1278 1126 1334 1170 sec.
1345 1104 1481 1186 addidit)
1492 1103 1569 1163 mihi
1581 1105 1820 1167 cecidisset-do-
1887 1118 1899 1132 ·

402 1189 594 1294 minaeioque
605 1245 621 1257 -
637 1231 691 1293 per
704 1212 804 1294 ignat.
819 1230 851 1271 os
868 1231 910 1269 m.
923 1231 981 1270 sec.
998 1243 1014 1255 ·
1031 1209 1107 1272 mihi
1124 1229 1182 1272 esse
1192 1245 1206 1258 ·
1222 1206 1418 1294 eadent(quae
1436 1232 1478 1272 m.
1493 1210 1563 1289 sec.)
1578 1212 1723 1272 mihi-ea
1739 1211 1818 1273 dem.

401 1339 465 1400 sup.
487 1319 541 1379 lin.
561 1311 676 1378 um-m.
697 1339 753 1376 see.
765 1349 783 1364 -
803 1316 912 1399 agitari
933 1336 997 1394 sup.
1018 1317 1073 1374 lin.
1095 1336 1141 1384 eo.
1163 1338 1204 1375 m.
1226 1337 1313 1378 sec.-
1326 1315 1495 1377 condicio·
1515 1317 1678 1377 dictionem
1699 1318 1728 1378 d.
1744 1335 1818 1380 eon-

401 1424 486 1485 cessit
505 1456 520 1469 -
541 1435 622 1484 terrae
642 1443 723 1506 reges
744 1422 915 1502 (tetrarchae
935 1443 976 1480 m.
998 1420 1067 1499 sec.)
1087 1423 1259 1484 -amittere
1279 1443 1333 1504 per
1354 1422 1506 1483 dedecus?
1526 1424 1559 1484 in
1580 1411 1720 1484 manibus
1738 1437 1783 1486 est
1800 1458 1817 1473 ·

400 1539 523 1612 emunt,
544 1529 671 1590 diruunt
697 1561 717 1576 ·
744 1527 962 1591 voshortetur'
979 1559 998 1576 -
1027 1527 1148 1592 euobis
1175 1529 1245 1609 (erit
1266 1510 1384 1588 mesae.
1406 1527 1544 1608 addidit.)
1569 1528 1674 1609 parati
1698 1549 1739 1587 m.
1759 1549 1817 1590 sec.
1884 1603 1894 1622 ,

398 1636 518 1696 addidit
549 1649 576 1684 -’
600 1657 649 1700 ar.
682 1637 814 1718 quietam
842 1634 1060 1716 rempublicam
1088 1671 1105 1682 -
1136 1657 1245 1718 magna
1272 1657 1312 1694 m.
1342 1655 1399 1694 sec.
1431 1653 1541 1696 merces
1574 1665 1593 1681 -
1624 1655 1688 1716 quae
1723 1635 1815 1696 armis

398 1745 521 1821 praemia
540 1775 557 1788 -
575 1733 650 1822 [spei
671 1763 712 1799 m.
732 1761 789 1799 sec.
811 1741 952 1814 addidit.)
964 1769 984 1784 -
1003 1741 1226 1818 loquupleti'um
1243 1775 1259 1786 -
1279 1742 1427 1800 victorum
1449 1761 1492 1800 m.
1512 1760 1572 1800 sec.
1592 1738 1709 1800 addidit
1729 1773 1746 1788 ο
1766 1741 1817 1800 di·

398 1845 484 1906 eebat
503 1865 563 1904 esse
582 1871 599 1886 -
619 1822 723 1902 idhec.
744 1840 803 1902 hoe
824 1862 891 1922 sup.
910 1845 967 1905 lin.
988 1851 1088 1920 petere
1108 1863 1150 1900 m.
1170 1863 1227 1902 sec.
1249 1853 1383 1923 tempore
1403 1878 1423 1893 ·
1450 1855 1578 1926 speraret
1597 1865 1665 1927 sup.
1686 1847 1743 1907 lin.
1763 1847 1816 1908 bat

398 1971 439 2014 m.
461 1969 517 2010 sec.
540 1969 609 2009 eum
632 1969 667 2008 eo
686 1968 716 2007 se
739 1949 859 2007 consule
879 1945 1097 2006 -admonebat
1117 1978 1134 1991 ·
1154 1948 1262 2007 sillane
1282 1979 1300 1996 ·
1323 1968 1373 2010 aa.
1393 1953 1553 2030 populares
1573 1953 1729 2012 consocios
1749 1951 1815 2011 adi-

396 2067 475 2118 ceret
503 2055 652 2116 --conscii
678 2081 696 2100 ε
729 2053 940 2114 23.asenau1
967 2086 984 2098 -
1013 2066 1185 2115 amoverant
1211 2087 1228 2101 -
1259 2065 1289 2115 et
1309 2057 1374 2136 ipsa
1395 2075 1461 2136 sup.
1482 2057 1538 2116 lin.
1559 2075 1597 2116 ne
1618 2077 1671 2116 sua
1693 2080 1734 2118 m.
1755 2079 1813 2120 sec.

395 2167 505 2224 seelera
534 2194 550 2208 ν
580 2172 611 2222 et
630 2161 740 2220 minari
767 2195 784 2205 -
809 2181 844 2220 ex
864 2161 1025 2220 insolentia
1053 2195 1070 2206 -
1097 2161 1154 2224 viri
1186 2160 1231 2240 (iu
1253 2161 1354 2221 medio
1375 2163 1470 2241 spatio
1491 2162 1566 2243 aliq.
1587 2168 1717 2240 erasum)
1748 2149 1814 2246 que

397 2267 615 2350 quoquomodo
639 2301 656 2313 -
683 2265 843 2326 eredebant
869 2301 886 2312 -
911 2261 1171 2356 homo'ignobilis
1190 2286 1286 2331 novus
1306 2299 1323 2314 -
1356 2267 1406 2338 ai.
1426 2298 1468 2314 -·
1491 2267 1539 2328 25.
1561 2276 1652 2350 atque
1672 2269 1773 2330 latinis
1792 2301 1814 2318 ι·

360 2371 363 2376 ’
396 2361 575 2435 discerneres
601 2407 617 2418 -
648 2371 776 2433 libidine
809 2407 826 2418 -
857 2383 892 2432 ut
909 2375 1122 2454 peteret'airos
1144 2393 1235 2454 quam
1256 2383 1405 2453 peteretur
1433 2407 1449 2420 -
1475 2393 1612 2434 sermone
1633 2376 1703 2435 utili
1724 2409 1741 2423 -
1763 2375 1812 2436 26.

396 2491 617 2562 questuserat·
638 2480 670 2540 id
691 2477 883 2542 cavendum·
904 2481 1076 2560 propulerat
1086 2496 1152 2560 sup.
1164 2479 1220 2538 lin.
1242 2509 1257 2525 ·
1279 2481 1385 2548 vinciae
1405 2499 1459 2561 per
1479 2501 1521 2540 m.
1540 2500 1625 2542 sec.-
1644 2501 1741 2563 neque
1755 2501 1813 2563 pe·-

395 2589 511 2646 titionis
521 2619 540 2632 -
553 2585 752 2645 oonsulibus·
765 2605 814 2662 ²7·
826 2585 1009 2644 semtimium
1024 2616 1039 2630 -
1058 2584 1174 2644 dimisit
1182 2583 1314 2654 Catilina
1328 2619 1335 2628 -
1355 2589 1468 2646 multus
1483 2587 1585 2647 simul.
1604 2596 1678 2648 tetes
1693 2609 1736 2648 m.
1749 2607 1810 2653 sec.

395 2675 526 2747 moliri·
546 2695 668 2749 armatis
690 2689 836 2749 militibus
853 2721 872 2736 -
892 2691 1038 2748 insomnis
1059 2725 1075 2736 -
1095 2693 1191 2772 legam
1212 2722 1231 2738 -
1250 2691 1430 2772 ignominie.
1452 2695 1540 2754 uaria
1559 2713 1625 2775 sup.
1646 2695 1702 2754 lin.
1722 2727 1738 2740 -
1760 2690 1810 2754 28.

395 2791 683 2870 aede-intellegit·
703 2789 897 2866 impendebat
909 2817 926 2830 -
945 2795 1077 2864 eoquod
1096 2797 1169 2855 sillae
1181 2828 1197 2842 -
1217 2791 1333 2856 colonis
1353 2798 1560 2860 sollicitabat·
1582 2819 1630 2880 ²9‹
1648 2808 1813 2879 potuerat-

394 2898 513 2958 manilii
526 2926 545 2943 -
561 2904 679 2976 quanto
692 2913 760 2954 oon.
774 2923 792 2940 -
811 2889 919 2950 babeat
932 2919 951 2936 -
970 2891 1092 2970 nequIc.
1113 2891 1180 2952 Res.
1193 2896 1332 2952 -nullius
1352 2897 1459 2956 harum
1473 2930 1493 2946 -
1513 2903 1561 2958 50.
1582 2902 1722 2959 ablatas·
1742 2904 1811 2963 fleri

385 3007 493 3078 solet·
514 2999 646 3070 modesta
667 2995 791 3078 atque·'
804 3015 888 3059 seruo
906 2995 1091 3070 libertatem,
1114 2995 1209 3057 libero
1230 3007 1286 3059 ete.
1299 2993 1527 3062 -sestertiorum
1547 2999 1677 3061 ducenta
1699 3005 1811 3066 milia·-

280 3161 281 3168 ,
393 3109 573 3170 310autsui
595 3103 776 3186 expurgandi
797 3137 815 3151 ·
847 3102 972 3182 (sceleris
993 3123 1036 3162 m.
1056 3102 1127 3181 sec.)
1148 3103 1283 3184 patribus
1305 3127 1322 3164 a
1344 3129 1385 3166 m.
1406 3127 1462 3181 sec.
1482 3137 1501 3154 ··
1531 3125 1571 3166 ne
1591 3101 1772 3172 aestimarent
1792 3149 1809 3159 -

360 3216 480 3274 fruina
508 3213 630 3271 alterius
662 3213 844 3292 exstinguam
875 3243 892 3256 -
927 3213 977 3271 32.
999 3209 1189 3292 intellegebat
1218 3245 1238 3260 -
1270 3213 1419 3294 optimum
1455 3213 1536 3280 factu
1557 3239 1577 3259 ε
1599 3210 1768 3276 maniliena
1788 3251 1806 3266 ·

390 3305 528 3402 priptam
549 3351 568 3366 -
587 3317 636 3379 33.
657 3317 791 3398 Epistola
812 3315 902 3376 Matii
920 3349 938 3362 ·
959 3319 1180 3377 matrimonio·
1200 3322 1287 3399 pleps
1307 3351 1323 3361 -
1342 3317 1402 3378 uisi
1423 3319 1525 3377 anime
1546 3319 1636 3379 slmul
1657 3355 1674 3366 ·
1694 3321 1744 3394 54.
1765 3323 1803 3382 ab

390 3433 493 3485 senato
511 3457 530 3474 -
549 3436 584 3484 ut
598 3445 688 3484 nemo
701 3443 833 3505 unquam
856 3434 887 3484 et
907 3442 942 3485 eo
964 3425 1070 3483 frustra
1091 3423 1257 3504 petiverit-
1276 3413 1492 3485 literas-'non
1506 3445 1568 3504 quo
1587 3444 1653 3506 sup.
1682 3429 1737 3491 lan.
1759 3429 1802 3506 (d.

390 3553 432 3591 m.
447 3532 518 3613 sec.)
539 3531 597 3594 sibi
618 3563 636 3576 ·
665 3534 763 3592 literas
790 3563 805 3575 -
831 3529 964 3610 Epistola
984 3527 1122 3588 Catilina
1140 3562 1157 3575 -
1183 3527 1393 3589 diffensionem
1415 3561 1430 3573 ·
1449 3549 1562 3608 perere.
1582 3551 1649 3611 sup.
1671 3533 1727 3592 lin.
1747 3553 1764 3592 a
1784 3566 1802 3581 -

389 3623 730 3718 nominibussumptum
743 3646 826 3694 -set
846 3635 1029 3695 cumalienis
1049 3665 1066 3680 ··
1085 3637 1258 3715 persolverit
1272 3667 1291 3682 -
1310 3653 1408 3715 neque
1428 3633 1638 3696 -·Orestillam
1659 3670 1678 3684 -
1690 3650 1801 3720 aput-

387 3745 438 3806 56.
452 3745 569 3808 reatino
589 3775 606 3789 ·
629 3733 786 3804 manilium
807 3772 823 3786 -
843 3761 912 3801 eum
927 3750 1063 3800 oceasum
1084 3772 1104 3787 ·
1123 3751 1206 3802 tanta
1215 3743 1259 3803 iis
1271 3738 1370 3800 morbi
1382 3739 1428 3800 uti
1439 3743 1509 3802 tales
1523 3760 1587 3824 sup.
1608 3743 1661 3803 lin.
1682 3741 1707 3801 b·
1721 3747 1800 3819 (mq-

387 3852 440 3912 dio
460 3852 557 3931 spatio
577 3850 649 3930 aliq.
674 3845 801 3924 erasum)
828 3851 877 3927 37.
898 3848 983 3927 pleps
1002 3879 1018 3892 ·
1047 3841 1138 3926 pleps
1153 3880 1172 3895 -
1199 3865 1327 3928 preceps
1346 3857 1409 3907 erat
1427 3880 1446 3897 -
1465 3847 1503 3908 de
1518 3850 1628 3908 multis
1645 3883 1662 3894 ·
1681 3869 1715 3917 ex
1734 3852 1800 3911 vic-

387 3959 464 4014 toria
483 3971 556 4037 sup.'
571 3956 626 4013 lin.
646 3964 771 4013 ventura
791 3985 808 3996 ·
827 3954 875 4014 38.
897 3950 1098 4012 adulescentes
1116 3988 1132 3999 -
1163 3951 1212 4034 39.
1234 3945 1352 4014 senatus
1371 3955 1423 4016 alii
1443 3952 1498 4014 sub
1518 3957 1615 4036 speeie
1637 3954 1710 4035 (sub
1732 3974 1798 4016 era-

387 4058 472 4140 sum)
491 4061 563 4140 qnia
583 4059 702 4118 defessis
722 4089 739 4102 -
758 4057 856 4116 Isdem
877 4058 929 4129 io.
951 4059 1109 4138 impelat.-
1130 4060 1214 4140 queri
1235 4060 1304 4120 illos
1323 4059 1406 4122 videt
1425 4095 1440 4106 -
1460 4072 1611 4142 expectare
1623 4094 1638 4106 -
1658 4081 1714 4142 pro
1733 4081 1797 4121 cer·

386 4177 415 4226 ta
424 4165 606 4248 spe-Isdem
616 4199 631 4210 -
640 4169 691 4238 ti.
705 4162 924 4225 utvidebantur
934 4165 971 4233 (n
979 4164 1036 4224 del.
1047 4185 1087 4226 m.
1096 4167 1164 4244 sec.)
1173 4197 1190 4212 ·
1204 4167 1250 4226 uti
1260 4185 1327 4226 curn
1335 4167 1576 4228 catilina-suum
1588 4161 1735 4249 quemque
1742 4185 1796 4227 ue·

385 4277 500 4356 gotium
522 4276 621 4334 -loca
642 4271 724 4332 urbis
745 4262 940 4332 accenderent
958 4305 972 4320 ·
993 4293 1057 4332 non
1077 4268 1277 4334 consultando
1297 4307 1317 4322 -
1337 4273 1461 4336 Curiam
1481 4265 1647 4334 citeriorem
1659 4285 1699 4332 'et
1719 4277 1796 4334 ulte-

383 4381 492 4442 riorem
512 4415 528 4430 -
558 4391 608 4454 44.
627 4379 835 4460 jusjurandum
858 4382 1007 4464 signatum
1027 4411 1047 4427 ··
1071 4391 1228 4453 venturum
1250 4394 1343 4444 semet
1364 4413 1380 4429 -
1400 4376 1660 4441 triumuirali
1680 4411 1699 4428 -
1719 4379 1793 4458 Quis
