4334 5354
421 495 497 566 328

1869 411 1892 466 ’

420 690 558 764 dicitur,
578 687 626 748 ita
646 685 762 765 etiam,
784 679 847 743 ubi
865 682 996 765 tropice
1013 682 1152 763 dicitur,
1174 685 1367 748 orationem
1378 677 1512 749 ¹variare
1536 677 1733 752 licuit'Sed
1748 683 1822 756 'non

420 802 469 856 est
483 794 585 854 idem.
605 787 771 868 recipitur
794 783 977 864 amicitia,
999 789 1062 868 qui
1082 789 1138 853 vel
1151 799 1266 873 postea
1279 791 1317 854 in
1341 811 1380 855 ea
1405 792 1488 869 fuit3
1511 789 1549 853 in
1568 785 1827 858 imicitiam-

420 896 482 958 ubi
495 895 585 957 illud
603 893 711 954 solum
727 899 860 973 tempus
883 890 1113 976 significatur,
1137 915 1206 974 quo
1229 916 1281 958 res
1300 905 1393 970 actae
1414 900 1473 960 sed
1494 905 1595 960 antea
1617 898 1789 960 nullum'
1779 901 1824 963 ris

418 993 796 1064 aditumadammitram
805 995 1115 1066 fuissedrcrturcfr
1126 1003 1157 1062 5.
1166 1021 1195 1080 9.
1208 995 1406 1122 inrcgnum
1415 989 1680 1084 accipereetn.
1693 1025 1732 1066 m
1741 1025 1823 1093 reg

418 1125 507 1170 num
530 1103 730 1186 adoptatus
746 1137 790 1156 .-
811 1097 850 1164 in
860 1099 1089 1183 prouinciam
1107 1089 1252 1169 collocit
1272 1107 1402 1170 dictum
1422 1117 1462 1169 ut
1481 1127 1535 1190 ap.
1558 1107 1696 1171 Livium
1721 1111 1823 1172 233.

419 1208 458 1275 in
482 1208 624 1275 curiam
646 1209 793 1270 clausus
811 1217 843 1272 et
862 1209 910 1270 23.
932 1206 1017 1270 58.
1001 1230 1040 1271 ιιι
1058 1207 1206 1274 vincula
1228 1207 1376 1276 condi
1351 1230 1480 1301 jussus
1501 1215 1586 1275 eth.
1608 1216 1631 1274 I.
1651 1216 1701 1276 31.
1722 1235 1823 1278 exer-

420 1315 533 1380 citum
553 1287 843 1404 Dyrrhachium
840 1314 1059 1401 coe'gere-
1082 1314 1120 1376 in
1141 1315 1290 1378 diversas
1307 1316 1401 1378 enim
1415 1325 1526 1400 partes
1548 1317 1680 1380 dimisit
1706 1319 1824 1402 copias

419 1423 590 1486 Metellus.
631 1419 826 1484 Collocare
849 1416 944 1480 enim
972 1417 1160 1500 aliquid·
1144 1441 1183 1483 m
1204 1423 1303 1502 loco,
1323 1423 1464 1505 proprie
1489 1427 1725 1486 tantummodo
1747 1423 1824 1500 ejus

419 1534 485 1610 est,
507 1525 568 1605 qui
587 1524 660 1608 ipse
681 1544 721 1587 eo
747 1523 785 1584 in
808 1524 905 1607 loco,
930 1524 991 1586 ubi
1006 1523 1143 1604 aliquid
1169 1525 1224 1608 fit,
1244 1535 1392 1608 praesens
1406 1531 1516 1602 adest,
1540 1530 1634 1606 quod
1659 1528 1759 1592 aliter
1783 1547 1821 1592 se

419 1630 542 1694 habui
564 1629 626 1691 cfr.
653 1631 811 1692 onaenu.
829 1633 872 1690 aa
891 1615 971 1696 caes'.
988 1632 1023 1714 n
1052 1631 1093 1692 o.
1112 1632 1203 1694 v111.
1230 1633 1281 1707 46.
1301 1632 1436 1693 Terent.
1460 1633 1564 1693 nnus.
1591 1655 1615 1692 1.
1641 1654 1668 1695 l.
1692 1651 1760 1701 ιω,
1786 1643 1822 1696 et

420 1736 560 1796 Ruhnk.
578 1738 622 1797 ad
644 1737 680 1801 h.
698 1734 723 1794 1.
745 1736 783 1795 in
804 1730 971 1820 gratiam
985 1733 1118 1796 habere
1135 1745 1166 1799 J.
1190 1757 1238 1797 ιι.
1258 1735 1367 1797 simili
1388 1737 1521 1800 ratione
1534 1747 1572 1799 ut
1588 1738 1625 1801 in
1647 1735 1822 1824 affinium

421 1843 542 1905 Iocum
565 1837 698 1903 ducere
718 1838 865 1915 dictum3
886 1846 919 1899 et
946 1838 1052 1918 paulo
1074 1837 1166 1900 inira
1192 1836 1232 1902 in
1265 1837 1533 1908 conscientiam
1549 1845 1700 1918 ducere3
1722 1861 1820 1905 acce·

422 1948 508 2008 dunt
529 1945 658 2008 similes
679 1942 865 2004 dictiones:
886 1939 1052 2025 accipere
1072 1939 1218 2025 aliquid
1234 1941 1273 2007 in
1292 1945 1425 2009 bonam
1447 1955 1613 2030 purtem,
1635 1944 1821 2011 meliorem

422 2049 461 2114 in
474 2060 621 2133 partem
646 2043 791 2129 aliquid
810 2047 1051 2130 interpretari
1069 2049 1279 2126 -tratierc
1298 2047 1337 2112 in
1362 2048 1547 2114 diversum.
1568 2053 1693 2117 Veram
1714 2052 1822 2136 igitur

423 2157 606 2239 enallagen
625 2155 698 2218 sola
716 2156 785 2217 duo
804 2155 959 2236 exempla
980 2153 1107 2218 dixeris
1126 2167 1160 2220 J.
1187 2174 1255 2218 112·
1277 2165 1310 2219 et
1329 2157 1364 2218 h.
1380 2160 1406 2216 1.
1427 2177 1456 2236 9.
1477 2155 1537 2219 cir.
1557 2159 1660 2230 nno.
1680 2157 1823 2238 (quibus

422 2260 513 2324 male
530 2263 661 2321 addunt
680 2260 715 2321 h.
732 2278 761 2320 a.
780 2263 829 2335 46.
853 2255 983 2354 incidit
1004 2262 1201 2324 lenunculo
1217 2278 1246 2322 2.
1258 2263 1307 2324 5ο.
1329 2257 1540 2348 influmine
1555 2261 1722 2345 ruebant,
1740 2261 1821 2324 vide

422 2365 572 2448 Comm.)
601 2385 676 2446 quae
702 2365 857 2446 reliquiae
893 2384 963 2427 esse
994 2363 1157 2428 ridentur
1181 2365 1387 2447 antiquioris
1414 2367 1602 2444 sermonis,
1624 2367 1686 2447 qui
1714 2369 1752 2431 in
1786 2366 1823 2428 vi
1888 2419 1891 2426 .

380 2550 382 2557 s
415 2491 561 2534 casuum
588 2478 742 2534 accurate
767 2471 1007 2554 distinguenda
1029 2469 1095 2532 fuit
1119 2469 1365 2556 negligentior.
1405 2476 1492 2533 Nam
1513 2471 1627 2534 aliena
1648 2482 1726 2534 sunt
1753 2473 1822 2535 inc.

424 2580 494 2638 226.
519 2575 557 2638 in
582 2577 777 2640 mercedem
801 2571 1001 2659 corruptum
1014 2575 1115 2654 pride
1136 2593 1239 2658 supra
1265 2598 1299 2658 p.
1330 2579 1397 2650 146.
1416 2584 1450 2639 et
1471 2573 1631 2639 Etruria
1652 2585 1820 2658 suspecta

424 2681 463 2745 in
488 2684 684 2744 tumultum
710 2689 792 2744 erat
818 2683 887 2742 228.
909 2684 1028 2744 eadem
1050 2705 1085 2764 p.
1112 2680 1203 2744 illud
1230 2680 1324 2743 enirn
1347 2680 1450 2744 finem
1469 2681 1521 2744 rei
1548 2680 1717 2764 exprimit.
1739 2681 1823 2743 vide

423 2787 599 2870 (loment,
620 2788 693 2850 scil.
724 2784 890 2848 mercedis
916 2777 1031 2867 causa,
1051 2785 1107 2846 rel
1131 2795 1168 2844 ut
1192 2788 1383 2846 mercedem
1408 2786 1478 2846 suis
1500 2787 1721 2868 persolveret,
1740 2805 1822 2868 par-

421 2893 509 2954 tium
535 2895 636 2956 decus
662 2890 832 2975 eorrupit3
862 2886 899 2952 in
927 2891 1125 2954 tumultum
1161 2885 1335 2969 exprimit
1352 2907 1442 2963 rem,
1468 2890 1513 2948 ad
1541 2907 1644 2966 quam
1668 2889 1822 2970 suspicio

421 2999 633 3082 pertinebat,
655 2999 803 3060 habebat
823 2995 959 3058 Etruria
982 2991 1212 3076 suspicionem
1233 2976 1399 3060 tumultus
1411 3019 1420 3066 3
1434 2991 1508 3068 jam
1528 3013 1607 3053 cum
1631 3002 1819 3072 suspectus

411 3099 551 3191 fovisse
559 3102 828 3166 Tacitusdixerit
840 3103 883 3162 H.
892 3104 919 3162 Ι.
929 3103 1079 3181 tinusp.
1090 3095 1128 3198 in
1140 3097 1243 3160 nimis
1254 3099 1379 3160 durum
1390 3094 1524 3159 dicivix
1531 3103 1649 3179 potest.
1659 3098 1820 3160 Celerum

421 3209 476 3272 vel
490 3211 563 3272 haec
577 3215 745 3270 structura
764 3227 804 3267 ex
819 3206 934 3268 studio
951 3205 1059 3268 multa
1073 3203 1194 3286 paucis
1212 3201 1464 3287 complectendi
1478 3209 1553 3264 orta
1570 3219 1639 3264 esse
1654 3199 1799 3266 videtur.

503 3313 614 3374 Multa
636 3311 720 3392 alia,
746 3331 821 3390 quse
843 3311 882 3372 in
901 3311 1094 3375 Salustiana
1118 3309 1314 3372 elocutione
1333 3307 1506 3390 evulgari
1528 3305 1668 3369 dicendi
1686 3308 1821 3384 ratione

421 3419 622 3492 abhorrent,
646 3423 704 3478 aut
724 3436 744 3476 a
757 3415 931 3480 varianda,
948 3414 1115 3479 orationis
1134 3413 1250 3476 studio
1272 3413 1456 3494 repetenda
1475 3429 1545 3472 esse
1564 3411 1736 3488 videntur,
1760 3421 1819 3476 aut

425 3521 594 3585 eGreecis
614 3520 768 3587 fontibus
789 3523 1015 3591 deducuntur.
1056 3519 1123 3579 Sed
1149 3516 1264 3598 ipsum
1285 3515 1460 3577 varietatis
1473 3515 1630 3578 'studium
1656 3537 1728 3580 non
1748 3538 1819 3580 rna·
1882 3515 1886 3522 ’

424 3628 477 3712 gis
492 3629 534 3688 ad
553 3629 679 3690 certam
700 3631 870 3708 quandam
886 3623 1091 3707 elegantiam
1112 3629 1146 3681 et
1168 3617 1435 3682 concinnitatem
1457 3619 1696 3706 referendum,
1716 3643 1820 3704 quam

389 3785 392 3792 .
425 3737 518 3814 quod
544 3733 708 3797 Salustius
735 3734 827 3796 etin
848 3730 930 3812 ipsis
954 3725 1067 3790 verbis
1089 3733 1123 3786 et
1145 3724 1183 3787 in
1205 3744 1325 3789 eorum
1345 3731 1514 3788 structura
1533 3727 1755 3811 proprietatis
1771 3739 1821 3792 est

424 3840 711 3916 studiosissimus,
738 3847 770 3899 et
795 3846 862 3896 tam
881 3850 995 3915 presse
1013 3839 1048 3894 et
1070 3830 1242 3892 subtiliter
1262 3830 1434 3914 loquitur,
1455 3838 1493 3893 ut
1511 3831 1636 3895 merito
1649 3832 1820 3896 incertum

422 3945 570 4028 dixeris,
588 3947 694 4008 verba
714 3935 891 4004 sententiis
916 3956 960 3998 an
985 3935 1161 4000 sententia
1185 3937 1300 4000 verbis
1319 3937 1543 4001 illustrentur.
1584 3939 1698 4021 Quare
1717 3939 1819 4004 varia

422 4049 605 4110 verborum
624 4053 797 4110 structurae
817 4062 889 4104 non
908 4061 971 4126 pro
992 4041 1090 4102 inani
1114 4039 1315 4106 ornamento
1332 4043 1516 4118 habende,
1536 4044 1596 4105 sed
1616 4042 1742 4106 rectius
1764 4061 1820 4107 eas

422 4152 561 4214 dicendi
572 4153 698 4213 formas
711 4149 909 4232 scriptorem
924 4147 1066 4233 elegisse
1073 4147 1259 4231 putaveris,
1270 4165 1345 4227 quae
1355 4146 1511 4231 cogitatis
1519 4147 1647 4230 optime
1655 4148 1820 4210 conueni-

423 4267 510 4320 rent.
549 4258 590 4315 Et
607 4254 792 4338 sepissime
810 4255 951 4336 quidem
967 4254 1005 4316 in
1022 4253 1186 4337 oppositis
1203 4253 1291 4312 banc
1312 4251 1510 4314 varietatem
1526 4250 1819 4326 animadverteris,

422 4371 461 4424 ut
476 4359 604 4428 diversi
621 4379 737 4426 sensus
758 4359 953 4425 diversitate
965 4365 1140 4422 structure
1152 4359 1378 4441 expressiores
1390 4355 1530 4441 fierent,
1547 4357 1701 4442 exempla
1716 4358 1817 4424 dabo:
1909 4375 1922 4393 ‘
