4282 5390
251 455 469 545 ἀι

506 652 620 718 Unde
634 669 743 718 novus
759 655 868 718 metus
884 649 1019 715 exortus
1026 645 1103 728 ‚ue
1118 643 1252 714 bellum
1272 632 1293 711 a
1312 647 1465 714 Sertorio
1485 625 1613 740 iterum
1633 651 1672 714 in
1692 651 1831 718 Italiam

422 743 672 822 transferretur.
692 758 778 842 App.
788 761 823 819 B.
838 755 908 818 Civ.
921 757 947 818 Ι.
964 757 1033 819 108.
1054 756 1131 839 Quo
1146 753 1274 820 factum
1289 759 1355 854 est,
1372 761 1411 816 ut
1427 756 1487 817 Cn.
1500 757 1700 842 Pompejus,
1720 781 1829 840 quum

422 865 536 926 adhuc
560 883 663 946 eques
684 871 785 946 esset,
815 879 893 922 cum
913 860 1062 944 imperio
1088 859 1261 922 consulari
1285 862 1445 924 adversus
1467 861 1657 923 Sertorium
1679 863 1832 929 mittere-

416 957 489 1030 tur.
508 969 581 1030 Liv.
598 967 676 1049 Eprt
690 967 773 1029 XCI
796 966 866 1032 Cic.
882 985 946 1048 pro
968 969 1058 1052 Lege
1078 963 1230 1027 Manilia.
1246 983 1274 1028 c.
1295 985 1343 1028 ro.
1365 987 1413 1028 οι.
1435 968 1485 1049 Is,
1509 985 1600 1029 novo
1622 967 1747 1030 itinere
1767 987 1832 1052 per
1879 979 1881 984 '

303 1103 307 1110 ·
421 1072 524 1152 Alpes
545 1069 714 1178 patefacto
742 1077 776 1136 et
798 1070 942 1135 Gallicis
956 1066 1094 1194 populis
1113 1067 1228 1149 victis,
1250 1063 1434 1136 hiemem'
1424 1093 1479 1135 ιιι
1484 1072 1599 1137 Gallia
1616 1073 1833 1140 Narbonensi

422 1171 597 1258 transegit.
606 1170 686 1255 ίί)
1308 1194 1311 1200 ·

422 1535 498 1580 oum
518 1519 696 1582 Norbano
711 1520 838 1586 Consul
865 1519 942 1585 fuit.
963 1519 1175 1598 conjecturis
1193 1522 1311 1618 locum
1334 1516 1467 1610 tentare
1487 1530 1525 1584 ut
1544 1521 1663 1598 facile,
1682 1521 1732 1584 ita
1757 1519 1845 1588 sine¹

421 1620 497 1684 ulla
524 1622 683 1686 codicum
711 1626 912 1689 auctoritate
941 1627 1160 1692 temerarium
1189 1636 1248 1693 est.
1283 1631 1351 1693 Sed
1374 1630 1462 1692 Alba
1480 1649 1558 1691 cum
1577 1634 1696 1710 postea
1721 1629 1836 1692 Pom-

416 1725 506 1822 peja
529 1730 701 1813 appellata
724 1731 768 1793 sit
791 1739 824 1794 et
846 1731 969 1796 incolae
992 1732 1168 1798 Albenses
1188 1715 1425 1827 Pompejani,
1450 1753 1470 1794 a
1490 1731 1654 1815 Pompejo
1683 1740 1779 1816 capta
1800 1738 1834 1794 el

420 1841 540 1916 postea
559 1835 697 1898 colonia
717 1855 757 1900 eo
780 1840 925 1901 deducta
945 1856 1014 1902 esse
1030 1838 1187 1917 videtur,
1206 1841 1314 1904 itaut
1332 1838 1530 1923 inscriptio,
1550 1858 1654 1920 quam
1671 1839 1833 1928 Mannert

425 1939 531 2024 Geog.
550 1942 658 2006 Italiae
674 1965 707 2025 p.
727 1945 796 2022 295.
814 1942 934 2025 falsam
956 1962 1027 2008 esse
1039 1945 1228 2027 judicavit,
1243 1966 1314 2010 non
1327 1945 1402 2009 sine
1420 1946 1568 2026 quadam
1579 1942 1835 2028 probabilitatis

422 2043 536 2127 specie
551 2045 690 2110 inventa
710 2047 770 2126 sit3
792 2049 835 2110 de
848 2049 934 2112 urhe
956 2048 1017 2112 cfr.
1033 2049 1124 2113 Plin.
1143 2053 1187 2114 H.
1200 2055 1240 2113 N.
1256 2053 1362 2117 XVII.
1379 2067 1409 2126 4.
1430 2051 1599 2133 Ceterum,
1617 2058 1657 2111 ut
1672 2051 1740 2111 hoo
1758 2047 1836 2111 ohi-

421 2153 476 2207 ter
491 2169 673 2228 moneam,
691 2155 784 2226 quod
809 2153 951 2217 Orosius
968 2155 992 2218 l.
1010 2155 1034 2217 l.
1047 2157 1153 2237 paulo
1173 2155 1266 2218 inira
1285 2164 1548 2218 commemorat:
1569 2159 1713 2228 «Brutus
1726 2151 1838 2212 in-Gi-

422 2241 593 2331 salpinam
615 2252 764 2323 Galliam
795 2253 946 2340 fugiens,
965 2261 1491 2336 perseqnmrtefumpejmpud
1519 2255 1699 2340 Rhegium
1729 2255 1836 2318 inter·

423 2352 533 2416 fectus
551 2364 639 2440 est‚‘>
659 2375 699 2419 eo
716 2357 794 2420 loco
814 2359 910 2420 haud
928 2358 1035 2420 dubie
1045 2357 1200 2443 Regium
1221 2355 1475 2418 emendandum
1488 2364 1557 2431 est,
1578 2355 1647 2417 nisi
1663 2357 1753 2423 forte
1768 2367 1838 2422 sta·

422 2459 510 2536 tuis,
535 2462 578 2522 ab
601 2461 676 2544 ipso
699 2458 824 2526 Orosio
846 2455 1026 2546 Rhegium
1051 2478 1140 2526 cum·
1156 2461 1244 2521 Foro
1272 2460 1398 2543 Lepidi
1417 2459 1538 2542 (hodie
1559 2460 1710 2546 Reggio)
1731 2462 1836 2528 fuisse

424 2589 604 2646 mutatum.
629 2580 718 2642 Plut.
749 2583 790 2645 V.
815 2582 937 2664 Pomp.
969 2601 996 2642 c.
1027 2583 1072 2644 16.
1094 2557 1263 2661 πολίχννίν
1278 2600 1309 2644 τν
1328 2570 1390 2644 τῶν
1407 2568 1480 2668 περὶ
1499 2557 1664 2674 τόνΠοίίον
1686 2603 1837 2649 comme-
1952 2587 1961 2602 '

426 2693 552 2762 morat,
580 2686 642 2748 uhi
664 2691 805 2749 Brutum
826 2708 847 2750 a
875 2686 1039 2750 Geminio
1061 2685 1279 2750 interfectum
1304 2695 1432 2750 narrat.
1446 2723 1489 2738 -
1506 2685 1709 2752 Adscribere
1731 2690 1836 2769 libet,

351 2793 352 2796 ’
426 2811 503 2872 quae
520 2793 562 2854 de
584 2798 655 2854 tota
672 2792 796 2876 Lepidi
814 2793 985 2858 seditione
1008 2795 1100 2876 apud
1118 2779 1285 2856 Zonaram
1301 2791 1556 2878 leguntur.‘ofr.
1568 2793 1681 2856 Annal
1696 2795 1774 2862 Vol.
1791 2797 1835 2860 ΙΙ.

425 2916 461 2978 p.
487 2916 555 2960 120.
575 2897 664 2959 Edit.
679 2899 777 2962 Basil.

532 2994 923 3109 Λίπνίοςμίντονσπονίῇ
937 3000 1106 3114 Πομπηίου
1126 3000 1406 3103 ὁπατοίαςτυχοίν
1425 3010 1471 3092 ἐνς
1482 3001 1534 3098 viv
1550 2998 1674 3085 Σύλλα
1688 2999 1835 3113 δύναμιν,
1929 3091 1932 3094 ,

427 3123 540 3200 ἰκείνου
558 3117 824 3215 τελευτήσαντος,
852 3122 967 3207 ἐαοτον
987 3127 1160 3216 ἐνξοοιοίον.
1175 3123 1382 3214 natalias
1367 3160 1400 3204 εν
1419 3131 1568 3215 irrisis
1551 3162 1603 3219 ην,
1632 3123 1753 3208 volvit
1771 3119 1837 3212 soi-

428 3272 508 3320 οειον
525 3247 769 3350 ὑπολείμματα
782 3251 1024 3327 duumuirum}
1044 3243 1236 3355 illumin
1257 3241 1388 3360 ηγομοίν
1408 3283 1448 3350 se
1432 3281 1636 3352 ατεοροατος
1644 3248 1837 3345 avellat-1

318 3450 321 3464 Ι
427 3393 522 3440 κατα
511 3355 694 3449 Λοπίίοο,
721 3356 776 3458 noi]
804 3364 927 3448 πολλοὶ
953 3405 1008 3461 της
1035 3375 1182 3458 Ιταλίας
1207 3403 1403 3460 κεκινηκοτος
1432 3401 1491 3444 και
1480 3363 1563 3460 τῆν
1585 3359 1699 3457 ἐντος
1697 3389 1837 3451 Αλοιεων

427 3491 599 3563 Γαλατίαν
623 3480 679 3563 lau
706 3479 833 3588 Βροιίτου
863 3483 1068 3586 κατέχοντος·
1094 3496 1155 3571 τῶν
1182 3485 1244 3596 μὲν
1273 3483 1323 3567 οὖν
1352 3478 1469 3566 αλλων
1488 3488 1636 3598 palliam³
1621 3523 1660 3570 εκ
1662 3483 1837 3590 parnassi

428 3597 611 3704 napulie,
640 3522 902 3759 οὶνρννοῗοθρμενος
939 3605 974 3690 ll
1003 3619 1052 3719 τῷ
1077 3604 1195 3716 Βρούτῳ
1224 3600 1393 3711 ἐχρίννοεν.
1425 3606 1495 3688 εἶτα
1523 3605 1637 3689 ἑαντον
1666 3615 1681 3689 ὃ
1712 3619 1836 3714 Βρουτος

429 3724 521 3826 αὐτῷ
547 3729 662 3827 ἐννχείρ
665 3759 749 3820 οσον,
787 3767 805 3822 η
798 3721 1203 3882 μεταβαλλίμονοςᾘ
1192 3767 1210 3823 η
1201 3719 1420 3832 προδοθείς
1445 3733 1506 3809 καὶ
1536 3768 1552 3810 ο
1580 3727 1643 3836 μὲν
1670 3738 1762 3836 α’νηρο
1748 3726 1836 3834 '9212

430 3871 523 3940 οοπερ
552 3840 614 3927 οἷος
634 3839 671 3931 ἦν
686 3851 701 3920 ὁ
721 3880 773 3922 τον
791 3860 945 3950 καίοαρα
973 3842 1078 3952 ’ίςορον
1106 3854 1215 3948 iaalzu
1216 3883 1451 3954 ρνοαροενοςρ
1414 3857 1544 3952 Βροῦτος.
1573 3844 1710 3988 Λίπνίος
1728 3847 1821 3933 ii
1782 3889 1837 3947 της

429 3964 600 4042 Ιταλίας’
585 3991 810 4052 suffen-rum
831 3996 913 4068 νοοῳ
932 3961 1116 4048 saelum.
1222 3991 1225 3996 '
1265 4037 1272 4047 .
1781 4049 1783 4054 ,

513 4081 643 4163 )Cic.
635 4106 720 4167 .pr0
743 4090 884 4168 Fontejo
910 4112 937 4152 c.
961 4097 989 4155 3.
1009 4095 1204 4168 ..Exercitus
1228 4073 1392 4182 praeterea
1408 4101 1469 4163 Cn.
1490 4100 1647 4184 Pompeji
1669 4101 1838 4165 maximus

432 4193 534 4268 atque
551 4189 788 4253 ornatissimus
807 4193 971 4256 hiemavit
987 4197 1025 4258 in
1042 4198 1241 4289 GalliaJM.
1262 4205 1403 4284 Fontejo
1421 4205 1623 4288 impeiante.
1635 4213 1653 4248 »
1664 4200 1775 4291 'Quod
1792 4209 1836 4269 ad

432 4292 539 4395 aliam
550 4292 701 4357 hiemem
708 4295 764 4357 vix
772 4296 898 4377 aliquis
906 4299 1043 4379 referat,
1060 4323 1138 4368 cum
1149 4305 1296 4394 maxime
1307 4309 1447 4377 Gallicae
1459 4316 1587 4396 gentes,
1598 4330 1639 4377 eo
1651 4319 1837 4398 temporeo
