4282 5390
1645 539 1688 617 ²7

284 716 356 771 tum
381 723 485 782 caesa,
512 722 602 788 aegre
631 701 714 788 luga
737 702 870 786 elapsus
900 710 950 768 est
979 704 1074 772 Plut.¹
1099 715 1133 772 et
1164 709 1246 793 App.
1275 707 1430 792 11.11.*)
1467 707 1602 794 Quibus
1622 709 1693 774 rio·

284 810 383 876 toriis
406 811 530 890 elatus,
558 809 738 889 Spartacus
764 809 808 872 de
834 807 1030 872 invadenda
1060 812 1146 876 urbe
1167 816 1323 877 Romana
1346 815 1568 896 deliberavit,
1601 813 1692 881 Flor.

283 916 348 984 1.1.
367 924 468 995 atque
490 914 667 986 Consules,
686 934 763 976 cum
785 933 822 975 se
836 912 992 998 fugitivis
1011 915 1050 979 iu
1070 937 1152 1002 agro
1175 918 1302 982 Piceno
1324 919 1546 1001 objecissent,
1563 919 1696 1004 insigni

286 1020 383 1084 clade
403 1013 518 1082 affecit
541 1023 624 1100 App.
643 1018 706 1080 1.1.
728 1019 839 1093 Unde,
861 1019 1008 1081 consilio
1028 1031 1176 1105 mutato,
1197 1024 1330 1086 Italiam
1354 1023 1555 1088 inferiorem
1575 1022 1699 1106 petivit

285 1124 501 1204 Thuriosque
530 1123 651 1186 urbem
683 1123 899 1206 expugnavit.
919 1125 1016 1206 App.⁴
1039 1127 1117 1209 Quo
1150 1127 1240 1190 facto
1270 1130 1413 1191 Senatus
1440 1128 1604 1192 Consules
1632 1145 1697 1210 pro

287 1230 437 1324 imperio
456 1226 687 1313 agere-retuit
704 1236 739 1291 et
763 1229 810 1290 M.
833 1227 969 1292 Licinio
992 1230 1111 1295 Crasso
1131 1233 1272 1315 praetori
1293 1233 1479 1317 imperium
1499 1241 1620 1296 contra
1642 1230 1699 1294 fu-

199 1383 203 1386 -
287 1335 414 1420 gitivos
437 1334 572 1399 detulit.
1418 1385 1425 1402 ,

280 1465 284 1474 ·
368 1441 498 1504 Eodem
526 1447 678 1519 tempore
697 1437 758 1500 Cn.
778 1436 945 1500 Lentulus
965 1437 1114 1520 Consul,
1133 1444 1173 1498 ut
1192 1436 1324 1498 erario
1340 1440 1503 1502 exhausto
1525 1459 1702 1504 succurre·

289 1551 357 1625 ret,
379 1544 487 1628 legem
504 1545 547 1605 de
567 1542 730 1624 pecunia,
752 1561 855 1622 quam
870 1543 966 1604 Sulla
987 1541 1200 1624 emptoribus
1221 1542 1413 1623 bonorum,
1432 1563 1508 1621 quae
1523 1547 1701 1624 quondam

209 1651 216 1662 '
243 1689 247 1700 ι
287 1647 558 1731 proscriptorum
571 1646 723 1730 fuerant,
745 1646 912 1732 exigenda
933 1645 1183 1732 promulgavit,
1204 1643 1264 1708 cfr.
1284 1647 1350 1708 Sal.
1371 1645 1490 1731 fragm.
1504 1650 1561 1713 IV.
1583 1671 1608 1708 a.
1622 1646 1680 1730 ⁰⁰)

370 1889 411 1970 ⁰)
431 1891 505 1954 Liv.
520 1889 607 1972 Epit.
625 1891 734 1958 XCVI.
757 1890 815 1964 «C.
829 1889 962 1954 Cassius
974 1889 1161 1974 proconsul
1178 1897 1213 1953 et
1228 1893 1291 1952 Cn.
1308 1889 1458 1954 Manlius
1474 1898 1601 1975 praetor
1613 1889 1705 1954 male
1809 1915 1812 1920 ·

292 1995 449 2058 adversus
467 1996 666 2078 Spartacum
688 2004 944 2079 pugnaverunt,
964 1994 1071 2076 idque
1093 1995 1226 2058 bellum
1249 1995 1298 2055 M.
1316 1995 1441 2058 Crasso·
1453 1995 1594 2077 praetori
1607 2013 1706 2056 man-

290 2102 408 2162 datum
430 2107 512 2162 est.»
548 2099 682 2160 Cassius
706 2100 892 2179 proconsul
916 2099 1060 2178 dicitur,
1081 2107 1120 2159 ut
1140 2097 1204 2157 alii
1222 2098 1342 2177 multi,
1363 2099 1425 2174 qui
1443 2107 1626 2173 quaestores
1648 2099 1717 2158 vel·

291 2209 456 2285 praetores
473 2200 594 2280 creati,
614 2199 794 2260 consulare
812 2199 997 2276 imperium
1016 2199 1053 2259 in
1070 2195 1260 2278 provinciis
1283 2205 1410 2260 tenent.
1433 2199 1576 2280 Manlii,
1597 2217 1708 2278 quan-

293 2314 366 2368 tum
394 2303 558 2384 equidem
580 2300 671 2379 sci0‚
692 2300 783 2379 apud
811 2297 924 2360 solum
948 2297 1087 2360 Livium
1108 2299 1147 2360 fit
1173 2301 1323 2379 mentior
1357 2309 1477 2364 contra
1497 2303 1527 2364 is
1545 2305 1708 2386 proelium

292 2410 331 2472 in
351 2427 434 2493 egro
453 2404 581 2467 Piceno
610 2401 826 2464 commissum
855 2400 995 2470 silentio
1015 2401 1250 2483 pretermisit,
1281 2403 1324 2464 de
1345 2423 1418 2482 quo
1443 2408 1620 2490 Appianas
1644 2408 1714 2492 itar-

291 2518 351 2592 καὶ
378 2517 440 2590 τῶν
469 2501 605 2588 ὑπάτων
633 2499 741 2593 αὖθις
767 2509 839 2604 περὶ
868 2498 920 2596 raia
948 2503 1130 2596 Πικηνίτιδα
1159 2509 1220 2603 γῆν
1239 2500 1449 2592 daras-cirros,
1479 2504 1598 2613 μέγας
1615 2501 1709 2609 o'a'yar

294 2621 394 2736 ’ἔτερος
422 2621 473 2708 ‘o'de
501 2636 655 2728 pc'yrsraa
683 2629 742 2704 aa}
773 2617 915 2730 ’μεγάλη
942 2618 1014 2704 rire
1042 2621 1139 2717 {io-ro
1166 2633 1330 2732 Ῥωμαίων.
1367 2647 1401 2699 et
1420 2637 1581 2700 Orosius=
1609 2641 1712 2713 ..Post

296 2739 418 2832 eiiam,
436 2749 570 2814 collatis
586 2745 712 2810 frustra
736 2747 838 2808 ambo
866 2747 1022 2809 consules
1048 2746 1174 2831 copiis,
1195 2755 1333 2831 accepta
1358 2747 1454 2831 gravi
1480 2748 1592 2832 clade,
1614 2749 1711 2836 fuge·

296 2864 382 2920 rant.
412 2855 547 2918 Dehinc
568 2855 604 2916 C.
630 2853 784 2917 Cassium
807 2853 1050 2936 proconsulem
1076 2851 1169 2915 idern
1188 2853 1368 2936 Spartacus
1392 2871 1593 2935 oppressum
1615 2855 1711 2918 bello

296 2959 501 3025 interiecit.>³
1186 2967 1188 2974 ’

371 3089 429 3172 ⁴²⁶)
446 3091 551 3171 Sunt,
561 3087 622 3167 qui
638 3087 751 3171 legem
770 3089 813 3149 de
830 3083 1016 3150 tribunicia
1030 3094 1198 3170 potestate
1209 3072 1282 3164 jain
1296 3087 1363 3148 hoc
1376 3106 1466 3149 anno
1483 3087 1571 3150 aM.
1586 3081 1710 3151 Lollio

225 3253 226 3258 ,
297 3191 481 3260 Palicano
497 3203 536 3255 tr.
553 3193 602 3276 pl.
622 3194 767 3253 relatum
780 3199 916 3272 putent3
932 3192 1024 3254 inter
1035 3212 1122 3271 quos
1133 3191 1287 3275 Pighius.
1311 3191 1414 3268 Cujus
1428 3211 1578 3254 errorem
1593 3212 1714 3273 quam-

299 3297 564 3363 visDebrossius
571 3293 786 3377 refutaverit,
802 3295 846 3355 H.
857 3296 897 3353 R.
908 3296 1129 3378 IV.p.441.sq.
1140 3303 1255 3359 tamen
1267 3316 1310 3359 ne
1320 3295 1350 3358 is
1359 3296 1497 3376 quidem
1509 3316 1580 3359 rem
1592 3299 1715 3360 obscu-

300 3421 375 3464 ram
383 3399 463 3462 satis
471 3397 666 3468 illustravit.
678 3396 839 3458 Primum
851 3400 987 3481 hocpro
998 3407 1091 3461 certo
1100 3404 1317 3484 ponendum,
1332 3403 1532 3466 Palicanum
1542 3405 1715 3482 quendam

301 3525 342 3572 eo
356 3514 509 3587 tempore
518 3502 622 3566 fuisse
631 3501 723 3565 inter
730 3511 883 3565 oratores
891 3503 1071 3567 celebrem.
1080 3505 1148 3572 Cic.
1157 3508 1251 3569 Brut.
1263 3510 1312 3570 62.
1331 3511 1487 3572 Eundem
1496 3507 1600 3568 fuisse
1614 3515 1654 3568 tr.
1663 3506 1713 3589 pl.

302 3621 394 3676 etex
414 3608 590 3672 Ciceronis
606 3609 686 3670 loco
700 3607 869 3685 conjicere
889 3607 987 3691 licet,
1005 3618 1038 3672 et
1050 3609 1104 3672 'ab
1123 3611 1272 3675 Asconio
1289 3612 1519 3697 significatur,
1540 3609 1594 3692 (in
1615 3609 1716 3674 Divi·

303 3723 372 3777 nat.
390 3737 424 3799 p.
444 3737 490 3795 ¹9·
510 3717 568 3778 Ed.
587 3711 756 3794 Hottom.)
771 3700 840 3794 =qui
852 3712 924 3790 ejus
940 3733 1080 3797 operam
1095 3715 1133 3776 in
1149 3715 1337 3780 tribunicia
1352 3723 1519 3798 potestate
1535 3715 1718 3777 restituen-
1765 3765 1769 3772 .

304 3824 349 3882 da
371 3819 518 3903 positam
538 3819 667 3880 laudat.
700 3820 796 3880 Idem
812 3837 832 3878 a
851 3818 1000 3880 Salustio
1026 3830 1312 3883 commemoratus
1333 3818 1438 3884 fuisse
1455 3819 1601 3882 videtur.
1622 3818 1716 3882 Alte-

306 3925 378 3987 rius
399 3924 492 3988 enim
512 3920 667 3986 Palicani
688 3942 749 3984 cur
769 3922 981 3986 mentionem
997 3921 1172 4008 injiceret,
1189 3924 1247 3988 vix
1267 3925 1375 3994 ullam
1391 3944 1524 3992 eausam
1544 3923 1625 3988 satis
1635 3945 1719 4007 pro:

304 4031 457 4094 habilem
477 4029 645 4093 invenias.
664 4028 730 4090 Sed
750 4026 789 4088 in
807 4028 910 4104 hujus
928 4025 1083 4090 hominis
1102 4029 1227 4112 gentili
1247 4029 1389 4091 nomine
1408 4028 1590 4114 scribendo
1608 4031 1715 4091 Codd.

306 4137 452 4200 maxime
459 4134 604 4200 variant.
614 4137 700 4196 Nam
710 4151 763 4216 ap.
775 4130 940 4214 Quinctil.
948 4133 1095 4197 Institut.
1108 4134 1210 4196 Rhet.
1219 4151 1248 4210 4.
1260 4151 1289 4195 a.
1299 4151 1327 4194 a.
1340 4141 1468 4216 septem
1480 4131 1564 4194 libri
1571 4127 1718 4196 Acilius

308 4243 454 4326 habent,
475 4239 536 4304 cfr·
556 4242 600 4303 ad
619 4235 855 4323 QuinctillV.
872 4258 899 4298 a·
917 4258 949 4306 20,
967 4237 1056 4301 Edit.
1073 4236 1191 4320 Spald.
1208 4238 1248 4298 T·
1263 4239 1303 4304 V.
1320 4262 1352 4320 p.
1371 4241 1438 4322 187.
1461 4237 1523 4298 alii
1536 4256 1590 4318 ap.
1603 4240 1717 4298 Burm·
1830 4257 1834 4266 ’

311 4345 475 4411 Asterius
488 4346 545 4409 vel
561 4341 734 4422 Atillius3
756 4345 817 4408 sed
832 4341 1047 4413 Ambrosias.
1067 4344 1093 4403 Ι.
1114 4342 1166 4406 Μ.
1185 4335 1295 4404 ollius
1305 4344 1385 4426 pal.
1405 4338 1616 4404 Turicensisr
1634 4356 1721 4426 per·
1794 4369 1797 4374 ·

1410 4452 1434 4498 a
