4334 5354
1622 515 1689 586 311

290 700 403 766 rarior
431 697 462 764 is
492 697 568 764 fuit.
590 693 692 768 Prisc.
713 705 782 784 776.
823 703 889 768 Sed
909 691 1027 768 omnes
1062 703 1116 768 hae
1139 703 1283 790 regula,
1311 722 1394 786 quas
1419 703 1582 766 ridiculas
1608 706 1692 768 dicit

291 805 480 890 Charisius,
499 806 543 868 ab
571 806 702 889 optimo
725 827 863 889 quoque
888 809 1053 892 scriptore
1081 817 1112 872 et
1140 809 1321 891 euphoniae
1338 801 1474 894 legibus¹
1496 817 1529 871 et
1551 829 1693 872 consue-

290 910 407 973 tudini
438 912 742 996 postponebantur.
783 913 949 978 Salustius
981 914 1088 1000 igitur
1106 914 1161 977 vel
1179 915 1480 977 terminationibus
1498 935 1550 999 es,
1573 911 1639 989 eis,
1662 909 1694 975 is

291 1015 485 1080 orationem
505 1016 664 1096 variavit3
685 1017 780 1096 cujus
804 1018 856 1082 rei
879 1019 1034 1100 exempla
1063 1011 1143 1080 vide
1173 1021 1264 1102 apud
1296 1018 1424 1081 Charis.
1455 1041 1478 1101 p
1516 1023 1582 1080 003.
1605 1023 1692 1080 Νοη.

291 1119 396 1186 Maro.
414 1121 444 1181 8.
468 1123 524 1199 507
545 1122 613 1184 alia
632 1122 777 1186 Ursinus
791 1141 832 1187 ex
850 1124 956 1186 Codd.
976 1124 1102 1189 laudat.
1126 1122 1186 1185 cfr.
1200 1125 1278 1189 Vol.
1290 1121 1427 1187 1.·Praef.
1445 1125 1693 1206 p.X1.notan-'

292 1223 356 1286 dus
372 1225 476 1288 etiam
497 1245 564 1289 acc.
583 1225 673 1309 plur.
694 1223 744 1290 vis
767 1229 810 1291 H.
827 1233 856 1291 3.
881 1244 910 1304 4.
1681 1258 1695 1268 ··

183 1337 185 1342 “
299 1321 320 1370 ,‘
371 1328 459 1393 Alia
477 1327 734 1397 terminationes
757 1333 871 1397 minus
890 1333 999 1399 solitae
1024 1341 1117 1398 sunt:
1138 1337 1226 1398 Gen.
1242 1334 1329 1420 sing.
1350 1333 1389 1398 in
1411 1335 1424 1397 i
1441 1327 1696 1402 Ariobarzani

291 1430 415 1498 H.1v.
443 1451 489 1497 ι2.
516 1437 596 1497 cod.
618 1438 693 1502 Vnt.
727 1458 757 1500 a.
784 1441 873 1503 adde
895 1441 981 1507 Gen.
1005 1437 1114 1504 Persi
1129 1444 1172 1502 H.
1193 1443 1218 1501 I.
1242 1443 1272 1501 6.
1313 1443 1393 1501 Erat
1412 1439 1505 1503 enim
1527 1441 1694 1500 utendum

292 1532 459 1604 Prisciani
475 1544 540 1621 (ι7.
558 1555 606 1602 2ι.
626 1541 675 1604 85.
693 1543 753 1604 Ε8.
773 1543 834 1624 K.)
855 1543 965 1606 Servii
990 1545 1051 1628 (ad
1069 1547 1151 1618 Aen.
1171 1547 1198 1610 1.
1220 1544 1291 1626 30.)
1319 1550 1353 1605 et
1368 1543 1501 1606 Valerii
1520 1541 1626 1604 Probi
1643 1543 1694 1622 (p.

294 1642 401 1725 1468.)
415 1643 577 1720 judiciis,
600 1645 660 1726 qui
677 1647 766 1709 hanc
790 1647 937 1710 formam
953 1670 1018 1732 pro
1036 1647 1067 1712 is
1086 1650 1210 1710 dictam
1230 1656 1366 1731 putant,
1389 1667 1500 1727 neque
1516 1644 1695 1728 probabile

293 1753 356 1828 est,
378 1766 454 1809 cum
474 1749 640 1814 Salustius
656 1753 804 1817 Persen.
825 1756 869 1817 H.
891 1757 944 1815 lv.
966 1771 1030 1835 ra,
1052 1745 1240 1816 ablativum
1257 1731 1607 1832 Persetormaverit,
1627 1750 1697 1810 Cat.

293 1849 341 1929 57.
363 1856 511 1917 eundem
537 1855 623 1923 Gen.
653 1857 765 1920 Persi
794 1877 835 1917 ex
865 1859 1013 1917 secunda
1041 1837 1272 1917 declinatione
1297 1855 1484 1936 repetiisse.
1514 1855 1572 1915 cfr.
1592 1854 1696 1914 Prisc.

162 1977 168 1992 ·
291 1956 349 2014 v1.
370 1976 398 2018 c.
417 1958 475 2019 XI.
494 1981 529 2039 p.
550 1961 620 2036 259.
640 1959 703 2019 Ed.
722 1961 782 2019 Kr.
808 1967 841 2020 et
860 1957 1021 2019 Schneid.
1041 1979 1077 2040 p.
1106 1961 1177 2019 320.
1198 1958 1258 2036 qui
1282 1978 1403 2039 parum
1427 1958 1614 2040 diligenter
1634 1959 1698 2018 Va-

292 2053 372 2119 lerii
392 2053 695 2136 Probi'judicium
728 2063 817 2138 1486.
845 2061 1072 2147 impugnaris
1116 2063 1212 2124 Adde
1244 2081 1321 2145 gen.
1353 2061 1445 2144 plur.
1477 2054 1696 2146 Seguntium

292 2179 395 2241 quem
413 2161 493 2226 vide
512 2161 579 2226 inc.
598 2165 646 2228 28.
666 2165 722 2228 cui
736 2170 920 2250 respondet
938 2153 1049 2230 forma
1064 2165 1229 2228 nominat.
1251 2164 1435 2250 singularis
1461 2165 1609 2250 Taguns
1626 2161 1694 2228 inc.

296 2280 365 2339 ¹4²·
381 2273 415 2328 et
435 2265 632 2330 Acheruns
654 2288 708 2352 ap.
732 2271 832 2333 Plaut
848 2271 942 2354 Capt.
962 2273 989 2332 5.
1008 2287 1036 2344 4.
1053 2287 1099 2345 2.;
1120 2269 1277 2330 Schneid.
1292 2269 1316 2328 l.
1335 2269 1359 2329 1.
1378 2267 1696 2350 p.1aa.183.Prae-

293 2379 386 2433 terea
408 2391 486 2457 gen.
509 2373 601 2456 plur.
627 2372 870 2459 Volcanalia,
898 2370 1205 2440 Volcanaliorum
1239 2375 1282 2433 H.
1314 2376 1343 2433 3.
1375 2376 1422 2433 03.
1449 2388 1496 2448 14.
1535 2355 1580 2432 ln
1604 2389 1695 2431 nom.

294 2474 382 2560 sing.
406 2475 531 2559 saepius
551 2499 592 2543 os
605 2500 670 2563 pro
684 2500 730 2544 or
746 2480 874 2542 dictum
891 2478 996 2542 fuisse
1012 2477 1104 2555 testis
1126 2485 1174 2539 est
1197 2477 1272 2540 Vel.
1292 2476 1394 2542 Prob.
1416 2478 1511 2555 14673
1533 2483 1565 2538 et
1585 2473 1697 2556 labos,

293 2575 424 2664 honos,
456 2585 575 2664 colos,
604 2585 694 2649 odos
721 2584 825 2646 Codd.
848 2582 1068 2652 confirmant:
1097 2580 1339 2662 antiquitatem
1365 2583 1539 2662 quandam
1563 2579 1696 2641 redolet

294 2683 397 2746 etiam
425 2691 517 2750 nom.
548 2687 586 2751 in
616 2690 698 2753 udo.
732 2687 917 2753 claritudo
943 2689 973 2750 J.
997 2705 1026 2749 2.
1047 2686 1127 2750 vide
1157 2688 1347 2749 Comment.
1366 2708 1400 2768 p.
1427 2688 1496 2747 216.
1522 2685 1570 2746 ita
1593 2683 1698 2746 ctiam

293 2786 518 2883 necessitudo
536 2812 602 2874 pro
623 2793 821 2856 necessitate
841 2793 972 2854 dictum
995 2792 1030 2852 C.
1053 2813 1099 2870 17.
1117 2795 1168 2852 br.
1186 2792 1216 2854 J.
1240 2813 1286 2869 ¹9·
1305 2789 1427 2870 plebes
1446 2800 1478 2852 et
1496 2785 1619 2872 plebei
1633 2807 1697 2869 pro

285 2891 405 2976 plebs,
415 2893 550 2976 plebis,
568 2896 700 2978 plebia
714 2896 863 2958 Salustio
880 2896 1013 2956 dictum
1030 2893 1134 2953 fuisse
1152 2901 1185 2952 et
1199 2889 1392 2951 Priscianus
1404 2888 1496 2950 testis
1510 2895 1559 2951 est
1572 2891 1628 2952 Vl.
1646 2911 1694 2951 ιι.

294 3000 363 3063 258.
373 3007 405 3061 et
420 2999 528 3061 Codd.
538 2993 743 3058 confirmant
750 2997 817 3061 abl.
822 2993 901 3078 fini
910 2997 943 3056 h.
955 3013 983 3055 a.
994 2994 1043 3054 28.
1058 2995 1194 3076 Quartae
1204 2992 1447 3055 declinationis
1459 2991 1639 3056 Genitivus
1657 2993 1695 3055 in

293 3100 307 3162 i
322 3097 470 3162 occurrit
484 3096 524 3158 ·in
537 3097 688 3160 formula
705 3094 827 3158 senati
838 3099 1019 3160 decretum
1029 3096 1089 3158 cfr.
1102 3099 1140 3159 C.
1152 3099 1199 3159 53.
1212 3099 1254 3159 H.
1274 3099 1302 3159 5.
1317 3119 1345 3176 9.
1366 3099 1490 3160 Donat.
1500 3101 1544 3160 ad
1557 3100 1694 3162 Terent.

293 3205 383 3268 And.
408 3218 438 3270 2.
458 3217 488 3263 2.
511 3201 559 3263 28.
581 3200 684 3263 etiam
701 3195 855 3262 tumulti
874 3202 910 3261 C.
930 3203 977 3279 59.
1001 3198 1132 3262 dictum
1154 3199 1257 3263 fuisse
1274 3208 1393 3264 auctor
1414 3212 1462 3266 est
1487 3205 1576 3266 Non.
1591 3205 1694 3267 Marc.

295 3307 324 3366 8.
334 3309 382 3369 50.
396 3309 455 3370 sed
478 3306 517 3368 in
535 3306 701 3372 Codicum
726 3302 863 3366 silentio
877 3305 978 3386 plura
994 3306 1149 3387 exempla
1163 3308 1290 3368 addere
1302 3305 1486 3369 lubricum.
1507 3308 1559 3370 De
1579 3310 1694 3372 dativo

294 3412 333 3474 in
351 3433 376 3474 u
396 3409 457 3475 cfr.
478 3413 506 3474 J.
533 3411 565 3476 6.
581 3414 677 3476 luxu
701 3418 734 3474 et
752 3409 882 3476 Comm.
903 3431 937 3492 p.
960 3413 1031 3472 223.
1058 3417 1090 3472 et
1109 3411 1152 3471 H.
1173 3409 1241 3472 inc.
1262 3414 1312 3473 65.
1338 3431 1416 3474 usu.
1438 3399 1626 3473 occurrunt
1645 3422 1696 3472 ta-

294 3537 374 3580 men
394 3520 480 3582 00οἰ
503 3521 538 3580 C.
561 3521 609 3579 5ι.
634 3520 684 3578 32.
703 3515 753 3577 38.
775 3511 935 3596 quaestui
953 3531 1003 3594 ²4·
1028 3510 1272 3603 magistratui
1294 3533 1343 3595 29.
1365 3523 1398 3578 et
1418 3515 1521 3576 Prisc.
1541 3536 1570 3594 7.
1592 3516 1638 3580 ι8.
1660 3537 1696 3598 p.

294 3625 365 3686 352.
386 3622 467 3686 solis
493 3620 604 3705 poetis
627 3621 727 3685 metri
749 3639 848 3682 causa
869 3621 958 3682 banc
983 3621 1258 3685 terminationem
1281 3625 1478 3701 usurpatam
1504 3616 1609 3681 fuisse
1631 3628 1696 3682 sta-

295 3726 370 3789 tuit.
396 3729 452 3798 ·,In
479 3726 600 3806 quinta
622 3726 708 3789 decl.
730 3725 928 3789 Genitivum
959 3726 998 3788 in
1021 3748 1040 3790 e
1067 3726 1171 3790 fuisse
1196 3731 1404 3789 contractum
1434 3725 1591 3807 exemplo
1616 3733 1696 3787 sunt

296 3831 352 3894 die
367 3832 400 3894 J.
417 3853 467 3914 97.
484 3836 533 3894 52.
556 3828 635 3895 acie
656 3833 700 3893 H.
718 3835 744 3893 I.
763 3835 811 3912 67.
835 3851 911 3912 quae
925 3833 1032 3895 codd.
1050 3831 1249 3895 auctoritate
1269 3829 1517 3893 confirmantur
1534 3839 1568 3892 et
1587 3829 1695 3893 Gellii

295 3937 490 4002 testimonio
516 3958 548 4017 9.
581 3951 626 4012 14.
667 3940 930 4024 ..0909001700
958 3937 996 3999 in
1022 3939 1192 4021 iugurtha
1220 3936 1359 3998 Salustii
1386 3955 1525 4000 summae
1549 3933 1633 3999 fidei
1662 3943 1695 3999 et

294 4044 487 4107 reverendae
503 4041 679 4106 vetustatis
699 4041 794 4105 libro
818 4038 876 4104 die
897 4059 976 4104 casu
994 4041 1108 4124 patrio
1126 4042 1243 4104 inveni
1259 4041 1458 4126 scriptum.»
1477 4043 1543 4104 Sed
1563 4063 1607 4107 ne
1621 4045 1694 4109 haec

292 4147 435 4224 quidem
451 4145 650 4210 terminatio
668 4145 888 4232 recipienda,
909 4148 969 4210 ubi
994 4150 1100 4211 Codd.
1120 4167 1191 4210 non
1212 4148 1395 4221 addicunt;
1417 4165 1493 4228 quae
1512 4147 1606 4211 enim
1630 4148 1693 4210 alii

294 4249 372 4313 loco
390 4250 615 4333 conveniunt,
635 4249 678 4311 ab
700 4250 770 4312 alio
791 4249 904 4315 aliena
917 4261 1007 4316 sunt.
1027 4252 1186 4333 Denique
1204 4254 1355 4316 notanda
1368 4252 1534 4315 defectiva
1548 4250 1693 4316 incultu

295 4354 330 4416 Q
340 4355 427 4416 snt.
437 4372 465 4416 2.
478 4365 511 4419 ct
522 4352 584 4420 diu
594 4362 780 4436 noctuque
788 4356 822 4417 h.
835 4379 863 4421 a.
877 4377 926 4441 07.
940 4358 1168 4442 01034070.
1190 4358 1495 4436 Praetereaaliqnot
1506 4354 1645 4419 nomina
1655 4353 1692 4416 in
