4282 5390
421 480 539 612 [ψ’

518 708 735 772 Mithridates
752 708 820 770 hoc
841 719 933 766 anno
951 705 1061 791 totum
1080 698 1152 763 fere
1166 713 1312 780 regnum
1327 689 1471 776 recepit,
1493 691 1589 772 quod
1602 657 1710 775 legati
1720 693 1834 754 Roma

421 816 462 879 in
487 815 602 876 Asiam
633 814 745 896 missi,
769 813 841 890 jam
864 811 904 872 in
928 829 969 871 eo
998 814 1110 889 erant,
1134 812 1173 866 ut
1197 803 1234 864 in
1257 798 1443 884 provinciae
1460 796 1606 861 formam
1626 797 1833 881 redigerent.
1938 861 1946 878 ·

420 919 559 983 Triario
586 918 679 981 enim
705 919 819 1000 legato
840 924 919 977 ante
941 912 1079 974 Luculli
1099 897 1280 972 adventum
1297 905 1388 968 victo
1408 904 1548 983 ejusque
1569 902 1720 964 exercitu
1736 917 1835 984 paene
1874 981 1875 984 Ἴ

422 1027 467 1086 ad
478 1025 759 1086 internecionem
777 1042 877 1102 caeso,
899 1019 1053 1100 reliquus
1068 1014 1233 1079 exercitus
1253 1011 1390 1073 Luculli
1403 1009 1551 1094 imperio
1567 1008 1697 1071 diutius
1712 1025 1836 1091 parere

420 1128 600 1192 recusavit.
630 1132 704 1191 Imo
723 1128 925 1192 Valerianae
949 1125 1141 1207 legionesa
1163 1113 1297 1180 Publio'
1312 1116 1433 1180 Clodio
1456 1113 1668 1190 sollicitatae,
1690 1134 1762 1176 non
1781 1132 1836 1176 so·

419 1234 495 1296 lum
513 1235 697 1298 Lucullum
723 1233 822 1313 sequi
845 1232 1026 1304 nolebant,
1048 1227 1107 1290 sed
1133 1231 1166 1286 et
1187 1223 1268 1307 ipsis
1286 1222 1403 1284 castris
1430 1221 1661 1283 discedebant.
1680 1222 1732 1280 Ita
1752 1225 1836 1302 cap

420 1341 568 1422 padocia
595 1359 615 1401 a
633 1340 836 1401 Mithridate
854 1344 983 1398 vastata
1012 1343 1075 1410 est,
1097 1351 1178 1393 nam
1196 1350 1308 1411 neque
1327 1328 1476 1389 Marcius
1493 1328 1584 1411 Rex,
1609 1324 1738 1389 Ciliciae
1752 1343 1836 1406 pro-

420 1445 558 1526 consul,
573 1465 685 1525 neque
699 1444 859 1515 Glabrio,
872 1442 929 1499 cui
941 1438 1105 1518 Bithynia
1118 1449 1284 1516 evenerat,
1296 1433 1427 1496 auxilio
1437 1432 1542 1496 venit.
1557 1429 1616 1493 cfr.
1625 1431 1731 1493 Dion.
1749 1433 1837 1492 Cass.

417 1547 496 1608 Lib.
514 1549 662 1613 XXXVI.
686 1564 817 1626 12-17.
837 1542 1079 1630 PlutLucull.
1098 1563 1126 1608 c.
1143 1543 1195 1603 35.
1214 1540 1361 1622 Appian.
1378 1538 1533 1600 Mithrid.
1552 1558 1581 1599 c.
1600 1557 1650 1616 90.
1663 1535 1700 1614 ο>

444 1771 553 1848 Anna
574 1775 619 1849 P.
649 1774 693 1850 u
722 1776 760 1849 o.
785 1772 1116 1882 ncerer
1140 1771 1317 1846 comate.
1338 1767 1407 1842 Μ’.
1430 1766 1609 1842 Aemines
1633 1761 1810 1861 Lepidus,
1842 1710 1850 1819 ζ
1888 1862 1898 1877 ⁸

384 1929 389 1938 ·
914 1900 954 1982 L.
982 1899 1176 1973 Volcatius
1203 1896 1343 1970 Tullus.
1398 1901 1404 1914 ’
1427 1909 1430 1914 ’

470 2059 475 2066 '
500 2067 558 2124 Cn.
576 2061 760 2144 Pompeius
781 2063 915 2124 bellum
937 2060 1151 2123 maritimum
1175 2064 1321 2120 extrema
1339 2054 1455 2119 bieme
1478 2053 1671 2138 apparavit,
1693 2052 1836 2116 ineunte

417 2179 497 2228 vere
516 2166 675 2243 suscepit,
693 2166 809 2222 media
825 2174 939 2224 aestate
952 2163 1110 2227 confecit.
1121 2159 1180 2259 ὅθ)
1200 2160 1446 2248 Quibusrebus
1460 2158 1580 2241 gestis,
1602 2179 1682 2220 cum
1698 2157 1738 2218 in
1752 2153 1839 2218 cili·

418 2361 958 2400 n——v———C-——n

478 2475 516 2561 ἦ)
538 2479 603 2541 Cir.
622 2479 697 2539 Liv.
716 2475 805 2553 Epit.
813 2473 958 2535 XCVIII.
977 2472 1035 2542 «C.
1043 2471 1200 2529 Triarius
1215 2468 1349 2550 legatus
1366 2467 1506 2530 Luculli
1526 2471 1686 2530 adversus
1701 2469 1837 2534 Mithri·

416 2559 539 2650 datem'
559 2597 682 2660 parum
701 2595 862 2657 prospere
876 2573 1057 2658 pugnavit3
1078 2570 1244 2635 Lucullus'
1263 2593 1308 2634 ne
1325 2580 1584 2654 persequeretur
1597 2572 1837 2640 Mithridatem

416 2705 457 2756 ac
481 2668 668 2765 Tigranem
693 2697 931 2767 summamque
955 2677 1108 2740 victoriae
1140 2677 1351 2760 imponeret,
1380 2679 1505 2742 seditio
1528 2677 1682 2744 militum
1705 2679 1836 2758 tenuit,

419 2786 502 2869 quia
520 2785 618 2866 sequi
639 2785 805 2856 nolebant
823 2783 847 2846 i.
868 2804 897 2844 e.
917 2781 1001 2862 quia
1018 2782 1173 2863 legiones
1189 2783 1398 2865 Valerianae,
1418 2784 1559 2867 impleta
1577 2804 1598 2844 a
1617 2804 1653 2846 se
1664 2784 1837 2869 stipendia

417 2892 580 2973 dicentes,
593 2891 777 2951 Lucullum
789 2888 1035 2967 reliquerunt.»
1049 2886 1118 2947 Cic.
1129 2905 1193 2969 pro
1205 2885 1281 2971 lege
1291 2888 1412 2949 Manil.
1422 2909 1451 2966 9.
1466 2893 1574 2962 ..Nam
1589 2911 1697 2968 quum
1708 2890 1837 2971 (Mith-
1953 2961 1955 2970 y

407 2996 564 3076 ridates)
588 3014 623 3057 se
641 2995 679 3056 in
701 3014 848 3077 regnum
868 2991 1050 3073 recepisset
1069 3012 1188 3075 suum,
1209 3011 1281 3054 non
1305 2992 1373 3054 fuit
1393 3013 1434 3056 eo
1460 3001 1654 3068 contentus,
1680 2997 1775 3074 quod
1801 2995 1836 3058 ei

417 3109 543 3187 praeter
557 3117 645 3180 spem
658 3099 845 3180 acciderat,
865 3105 903 3158 ut
922 3097 1020 3158 illam
1038 3106 1262 3179 posteaquam
1281 3099 1400 3181 pulsus
1415 3106 1516 3182 esset,
1538 3105 1664 3160 terram
1681 3118 1836 3185 unquam

335 3276 336 3280 Ἰ
417 3202 618 3286 attingeret,
640 3205 699 3264 sed
725 3202 970 3264 inexercitum
993 3211 1161 3276 vestrum,
1185 3203 1316 3263 clarum
1338 3210 1441 3284 atque
1464 3204 1646 3286 rictorem,
1668 3209 1836 3288 impeturn

421 3306 514 3370 fecit.
534 3341 576 3356 —
598 3309 717 3369 Clades
736 3316 829 3369 tanta
846 3306 935 3388 fuit3
951 3312 989 3368 ut
1009 3327 1079 3392 eam
1094 3307 1137 3365 ad
1155 3307 1254 3368 aures
1266 3309 1304 3368 L.
1317 3308 1455 3372 Luculli
1469 3291 1543 3370 nou
1557 3328 1597 3372 ex
1607 3310 1731 3392 proelio
1746 3330 1837 3372 nun·

419 3410 506 3488 iius,
527 3414 587 3474 sed
612 3433 653 3475 ex
671 3432 828 3475 sermone
849 3405 1137 3510 rumor'afferret.
1159 3411 1283 3473 Hicin
1304 3411 1380 3493 ipso
1401 3413 1466 3474 illo
1487 3414 1597 3490 malo,
1617 3414 1835 3497 gravissima.

417 3535 483 3598 que
505 3518 593 3582 belli
613 3512 820 3600 offensione,
842 3521 879 3579 L.
896 3516 1074 3598 Lucullus,
1099 3513 1160 3593 qui
1186 3522 1299 3575 tamen
1322 3514 1441 3594 aliqua
1462 3533 1503 3576 ex
1525 3522 1621 3596 parte
1640 3516 1684 3576 iis
1702 3519 1835 3579 incom-

338 3627 360 3690 ,’
418 3621 532 3686 modis
551 3623 684 3684 mederi
703 3623 844 3685 fortasse
861 3621 1045 3704 potuisset,
1065 3627 1176 3681 vestro
1191 3618 1290 3694 jussu
1308 3626 1456 3695 coactus,
1479 3621 1573 3699 quod
1591 3618 1732 3702 imperii
1754 3621 1835 3684 diu.

420 3727 579 3788 turnitati
596 3729 740 3789 modum
757 3730 977 3788 statuendum
993 3723 1103 3787 veteri
1119 3722 1275 3804 exemplo
1295 3722 1491 3807 putavistis,
1510 3731 1643 3805 partem
1664 3725 1834 3810 militum,

419 3829 482 3912 qui
496 3831 567 3907 jam
589 3830 771 3913 stipendiis
794 3829 958 3892 confectis
978 3835 1093 3908 erant,
1115 3825 1264 3908 dimisit,
1286 3834 1420 3908 partem
1439 3828 1623 3891 Glabrioni
1641 3831 1814 3894 tradidit.»

421 4027 424 4031 .
481 3931 540 4012 W)
563 3935 631 3998 Cfr.
650 3935 720 3996 Cic.
736 3954 800 4016 pro
815 3935 891 4024 lege
904 3933 1121 3994 Manil.c.12.
1140 3933 1319 4004 «nondum
1327 3932 1528 4013 tempestivo
1544 3935 1587 4008 ad
1599 3936 1832 4020 navigandum

412 4035 525 4111 mari,
545 4037 701 4098 Siciliam
721 4038 822 4119 adiit,
844 4035 990 4097 Africam
1014 4036 1220 4116 exploravit3
1245 4035 1323 4096 inde
1341 4035 1536 4098 Sardiniam
1554 4059 1632 4099 cum
1652 4040 1757 4103 classe
1775 4059 1832 4104 ve·

329 4161 336 4168 ·
421 4141 490 4223 nit,
510 4149 612 4227 atque
635 4142 708 4204 haec
726 4141 791 4202 tria
804 4139 957 4202 subsuta
979 4122 1178 4222 reipublice
1195 4137 1398 4202 firmissimas
1414 4140 1583 4223 prasinus
1599 4142 1832 4225 uassuusqae

420 4244 580 4322 munivit.
601 4247 686 4306 Inde
703 4265 738 4310 se
761 4266 839 4306 cum
863 4244 902 4306 in
917 4235 1058 4306 'Italiam
1085 4242 1282 4326 recepisset,
1305 4245 1438 4307 duabus
1463 4245 1642 4329 Hispaniis
1660 4253 1694 4309 et
1716 4249 1832 4312 Gallia

387 4436 393 4448 ι
418 4349 596 4452 ssisalpina
617 4348 788 4442 praesidiis
813 4369 852 4414 ac
877 4349 1023 4420 naribus
1043 4346 1259 4432 confirmata,
1280 4347 1393 4416 missis
1413 4345 1499 4417 item
1517 4351 1558 4416 in
1579 4368 1676 4416 oram
1694 4353 1844 4440 lllyrici,
