4230 5348
369 457 439 509 110

362 655 398 717 p.
424 643 476 706 24.
495 630 585 692 adde
606 627 789 691 1111216.
815 626 863 688 15.
892 623 965 691 Cic.
988 639 1054 707 pro
1075 623 1114 684 L.
1138 620 1261 684 Manil.
1282 620 1319 696 θ’,
1339 635 1404 703 pro
1425 620 1553 684 Archia
1579 644 1610 702 9.
1647 620 1688 688 in
1710 624 1773 690 ob·
1884 657 1890 670 ι

362 732 458 801 sidio
487 735 539 798 ita
560 732 736 798 Carrionis
762 728 849 794 libri
872 737 908 795 et
941 748 1063 794 omnes
1089 731 1229 794 Venetae
1258 728 1427 791 accedunt
1449 727 1629 807 Vaticani;
1649 733 1773 796 codem

361 845 468 906 modo
492 859 595 924 supra
615 842 686 901 Cat.
710 855 760 905 ro.
791 835 1012 923 contagium:
1037 834 1141 900 sicuti
1157 832 1222 898 alii
1240 827 1430 916 oblivium,
1450 828 1690 912 cpmortium.
1711 835 1772 899 cfr.

361 949 470 1015 Varro
491 947 530 1013 L.
553 947 592 1012 L.
614 959 645 1019 4.
666 946 720 1022 16;
751 945 838 1010 Fest·
862 962 889 1007 s.
910 965 943 1008 v.
973 945 1078 1009 nullo
1108 938 1247 1005 circum
1272 935 1471 1004 adnitente.
1498 937 1524 1003 i.
1549 959 1580 1004 e.
1604 939 1706 1003 nullo
1733 960 1774 1005 ex

360 1050 423 1127 iis,
444 1049 508 1134 qui
526 1049 618 1116 circa
637 1057 736 1116 erant
753 1049 951 1134 adnitente,
968 1057 1053 1115 noto
1078 1047 1264 1114 Gracismo
1284 1050 1414 1129 dequo
1432 1043 1493 1109 cfr.
1513 1046 1673 1116 Vechner
1688 1044 1774 1110 Hel'-
1845 1131 1849 1140 ι
1879 1079 1883 1082 -

361 1157 512 1223 lenolex.
538 1179 573 1243 p.
598 1174 670 1238 117.
701 1177 777 1240 sqq.
797 1159 939 1222 casaub.
960 1157 1006 1221 ad
1028 1157 1167 1221 Sueton.
1191 1154 1273 1220 Gaas.
1292 1170 1350 1235 273
1380 1151 1441 1216 dir.
1463 1151 1537 1226 Iir.
1561 1176 1587 1215 1.
1611 1166 1652 1229 43
1681 1151 1773 1214 Flor.

356 1267 390 1326 8.
408 1265 446 1337 53
467 1265 547 1332 Tac.
567 1265 692 1334 Annal.
710 1287 740 1326 2.
762 1285 821 1341 ¹13
850 1262 1018 1350 Quinctil.
1040 1283 1070 1326 1.
1093 1263 1130 1338 53
1162 1261 1255 1327 Gurt.
1274 1276 1304 1336 4·
1326 1275 1376 1322 ra.
1392 1275 1450 1321 ao:
1470 1258 1539 1324 Sed
1558 1259 1627 1322 hoc
1648 1264 1775 1320 notan·

357 1371 443 1432 dum
463 1369 550 1436 tales
571 1370 743 1435 dictiones
767 1372 863 1434 haud
884 1370 987 1435 facile
1010 1373 1057 1433 ad
1080 1367 1187 1432 aliam
1212 1364 1420 1452 particulam
1438 1361 1627 1427 transferri.
1660 1359 1775 1424 hieme

278 1507 281 1514 ’
357 1469 460 1542 mari
472 1473 703 1559 prohibebat.
734 1472 872 1560 hiemps
901 1479 978 1544 Vat.
1013 1498 1040 1537 1.
1075 1471 1137 1538 111.
1168 1472 1317 1558 Appian.
1351 1473 1387 1534 d.
1422 1469 1459 1533 b.
1493 1465 1696 1532 Mithridat..
1722 1469 1773 1547 76.

354 1574 564 1684 Mitridatem
582 1575 619 1662 di
635 1577 763 1689 χειμῶν
780 1573 1006 1690 ἐπιγενόμενὸς
1022 1574 1170 1686 αἱφῇριπο
1187 1581 1249 1658 καὶ
1265 1572 1319 1669 trit
1329 1579 1369 1656 ἐκ
1376 1565 1771 1676 ciriatdmcdyopiv.

355 1709 423 1772 Ita
435 1707 515 1778 aine
528 1708 562 1774 vi
575 1707 737 1776 hostium
754 1709 904 1802 regredi
923 1719 1086 1777 coactus,
1109 1711 1187 1778 Vat.
1208 1730 1237 1770 1.
1255 1723 1284 1769 a.
1311 1703 1424 1768 multo
1453 1703 1580 1768 melius
1606 1710 1773 1766 conatus.

355 1813 482 1895 quodsi
500 1815 595 1878 enim
616 1823 771 1880 coactus
792 1817 952 1900 dixisset,
973 1815 1030 1879 vel
1054 1816 1121 1894 hac
1148 1830 1235 1876 voce
1261 1811 1396 1876 cladem
1420 1808 1594 1893 protessus
1619 1827 1692 1872 esse
1718 1807 1773 1870 ri·

355 1918 434 1984 deri
456 1928 610 2003 poterat;
632 1920 698 1984 etsi
716 1926 871 1984 coactus
889 1936 1029 2002 quoque
1046 1915 1228 1995 defendas,
1248 1919 1345 1999 quod
1367 1915 1483 1988 yerhis
1503 1909 1638 1978 111111·
1653 1908 1771 1978 trosti·

354 2043 418 2086 um
433 2024 582 2106 additis,
591 2023 667 2102 jam
676 2044 815 2088 omnem
828 2025 934 2088 cladis
946 2023 1179 2107 suspicionem
1185 2031 1393 2102 removerat3
1407 2041 1491 2086 nam
1499 2019 1665 2106 proelium
1678 2021 1773 2102 apud

337 2127 579 2209 ,Lampsacum
599 2123 748 2190 consilio
768 2126 999 2212 praetermisit.
1015 2123 1246 2217 „naufragiis
1260 2129 1364 2210 apud
1381 2125 1539 2193 Parium
1567 2132 1604 2188 et
1624 2124 1772 2190 Herac-

352 2231 459 2293 leam.
492 2233 582 2296 Plut.
619 2234 754 2297 Lucull.
791 2236 840 2296 18.
880 2241 915 2299 et
948 2233 1098 2317 Appian.
1135 2236 1169 2297 d.
1201 2235 1237 2298 b.
1271 2232 1430 2299 Mithrid
1466 2234 1519 2312 76.
1547 2230 1609 2295 fin.
1644 2236 1680 2296 et
1719 2230 1771 2310 78.

350 2328 542 2445 1118181117
561 2338 591 2417 d'
600 2342 635 2428 ἐς
652 2332 767 2420 nc'vrcv
785 2331 962 2420 trentam
980 2334 1108 2442 χειμῶν
1126 2343 1162 2426 ἐς
1179 2341 1228 2428 ὣς
1246 2345 1472 2436 implerot,
1491 2342 1553 2417 xci
1570 2343 1634 2417 τὸν
1652 2335 1771 2440 vildedu

349 2454 533 2564 ἁμφὶτοῦς
551 2466 681 2566 μυρίους
698 2465 759 2538 καὶ
779 2463 843 2547 νῆες
862 2459 962 2561 ἀμφὶ
979 2451 1044 2543 τοὶς
1063 2447 1219 2548 {Himera
1228 2448 1474 2559 διεφθάρησαν.
1486 2460 1663 2530 restituto
1672 2461 1771 2528 dein·

351 2577 396 2641 de
420 2579 523 2661 apud
537 2577 719 2644 Caberam
741 2570 917 2638 exercitu.
938 2572 999 2638 c'fr.
1025 2574 1113 2658 App.
1137 2595 1189 2654 79.
1208 2575 1299 2638 Plut.
1318 2575 1399 2640 Luc.
1414 2577 1463 2640 15.
1489 2579 1533 2642 de
1554 2580 1660 2644 variis
1678 2601 1773 2664 proe-

349 2679 455 2746 liiset
470 2684 514 2745 de
533 2679 751 2764 inopiavide
768 2677 856 2741 ibid.
869 2685 904 2741 et
919 2698 947 2746 c.
959 2699 1008 2758 17.
1018 2688 1053 2743 et
1062 2680 1149 2763 App.
1163 2681 1214 2745 80.
1233 2677 1367 2778 ἀπορῶ
1392 2668 1429 2754 δὲ
1458 2679 1590 2777 ἀγοραῖς
1616 2681 1651 2766 ἐς
1671 2671 1771 2758 Κέπ.
1842 2744 1845 2750 ,

348 2777 516 2880 redemite
539 2765 691 2890 irreperet
697 2800 736 2863 id
749 2799 864 2885 ipsum
873 2799 1265 2884 regnumAriobarranis
1269 2845 1281 2876 ,
1293 2803 1422 2867 aSulla
1431 2804 1465 2870 ei
1472 2805 1670 2870 restitutum
1680 2807 1768 2893 App.

350 2929 380 2972 c.
400 2910 450 2969 60.
472 2906 513 2971 in
533 2901 752 2975 Armeniam
774 2901 940 2970 concessi
960 2905 1017 2969 his
1035 2906 1151 2970 verbis
1172 2915 1309 2992 turpem
1327 2908 1447 2994 fugam
1470 2910 1557 2996 tegit
1583 2933 1653 2995 qua
1677 2921 1769 2976 totus

350 3013 425 3092 ejus
445 3011 613 3077 exercitus
630 3011 802 3097 dispersus
821 3017 882 3078 est.
900 3009 961 3076 cir.
976 3009 1067 3076 Plut.
1084 3013 1168 3076 Luc.
1192 3034 1239 3093 ι7.
1257 3013 1406 3098 Appian.
1423 3017 1474 3079 81.
1494 3013 1681 3099 secutique
1693 3019 1768 3106 Ro-

350 3113 459 3184 muni
472 3137 551 3183 non
576 3117 718 3181 mered
734 3139 872 3183 morem
890 3140 998 3184 auum
1014 3115 1141 3185 omnia
1160 3141 1276 3208 regna
1294 3119 1546 3186 subvortundi.
1565 3121 1648 3186 vide
1661 3143 1767 3205 qnam

224 3296 231 3308 Ι
351 3223 478 3289 1111111
496 3243 580 3308 opes
598 3243 675 3288 suas
692 3223 817 3290 fractas
836 3224 997 3289 oratione
1017 3224 1222 3290 dissimulet.
1250 3229 1337 3290 Nam
1359 3231 1438 3313 post
1456 3224 1618 3312 proelium
1637 3230 1682 3291 ad
1700 3232 1768 3291 Ga·

349 3331 470 3396 beram
487 3329 638 3407 factum,
651 3337 763 3395 totum
788 3351 936 3417 regnum
956 3329 1065 3418 Ponti
1087 3350 1109 3393 a
1125 3331 1272 3406 Lucullo
1295 3331 1402 3398 fuisse
1431 3342 1635 3416 occupatum
1661 3354 1764 3399 nemo

349 3441 415 3518 est,
435 3434 498 3518 qui
516 3457 541 3496 n
564 3436 656 3520 sciat.
678 3433 952 3502 multitudinem
969 3436 1066 3500 artic
1083 3433 1177 3501 locis
1185 3458 1225 3522 p.
1236 3459 1277 3521 p.
1297 3438 1478 3512 «Ceterum
1495 3436 1611 3500 studio
1624 3439 1766 3503 Mithri-

348 3543 445 3606 dates
465 3561 630 3628 magnum
652 3542 744 3606 illud
769 3543 928 3632 Tigranis
946 3541 1131 3629 proelium,
1159 3563 1228 3628 quo
1255 3558 1338 3626 opes
1358 3539 1434 3623 ejus
1456 3540 1606 3607 maxime
1628 3544 1765 3610 adtritae
1790 3603 1791 3606 ,

348 3654 446 3732 sunt,
467 3647 681 3716 confundere
698 3649 837 3714 videtur
857 3670 936 3714 cum
957 3649 1029 3713 alio
1047 3649 1183 3735 priore,
1203 3667 1274 3730 quo
1296 3648 1450 3712 Muraena
1467 3648 1654 3735 Tigranem
1669 3651 1764 3718 inse-

349 3773 460 3836 quens
476 3774 596 3839 aspera
616 3763 652 3820 et
670 3764 765 3820 arcta
786 3756 945 3852 convalle
955 3756 1064 3841 longo
1082 3754 1222 3841 agmine
1240 3751 1308 3816 it'er
1328 3750 1514 3857 facientem
1529 3758 1671 3820 adortus
1693 3767 1762 3839 est,
1811 3787 1815 3794 ·
1867 3799 1884 3812 -

349 3865 386 3929 et
405 3859 443 3922 in
465 3860 579 3946 fugam
588 3905 600 3936 ,
622 3862 742 3926 multis
762 3862 803 3926 in
825 3861 996 3948 angustiis
1012 3860 1149 3945 occisis,
1169 3857 1347 3937 conjecit.»
1366 3861 1402 3919 G.
1423 3858 1484 3924 cfr.
1503 3862 1592 3925 Plut.
1611 3866 1693 3929 Luc.
1712 3866 1762 3928 25.

349 3961 417 4025 Sed
434 3964 539 4025 etiam
557 3965 675 4049 proelii
691 3971 784 4052 apud
799 3969 1044 4055 Tigranocerta
1063 3965 1136 4052 fere
1151 3967 1272 4030 eadem
1293 3973 1365 4030 erat
1382 3964 1490 4046 ratio;
1508 3987 1589 4031 nam
1607 3969 1661 4034 ibi
1674 3991 1763 4051 quo-

350 4087 419 4149 que
436 4068 534 4132 ducis
553 4071 704 4136 Romani
723 4074 762 4137 id
784 4083 858 4140 erat
875 4073 1077 4156 consilium,
1097 4079 1137 4135 ut
1156 4069 1277 4155 paucis
1292 4070 1331 4135 in
1351 4069 1470 4156 fugam
1489 4073 1654 4153 conjectis
1676 4073 1761 4138 reli-

350 4174 413 4255 qui
437 4153 604 4241 exercitui
631 4180 772 4245 ordines
795 4183 1017 4246 turbarentur
1045 4177 1106 4241 cfr.
1135 4178 1227 4240 Plut.
1254 4179 1336 4242 Luc.
1368 4179 1427 4258 283
1458 4179 1603 4265 Appian.
1633 4182 1683 4244 852
1712 4180 1759 4244 ab

350 4273 425 4347 illu
443 4283 670 4366 adpraedam
687 4283 835 4370 peteris}
855 4290 923 4353 hoc
944 4283 1059 4370 addit,
1079 4282 1254 4366 quiajam
1273 4285 1354 4353 inde
1378 4287 1421 4350 ab
1442 4308 1483 4352 eo
1500 4295 1670 4372 tempore,
1686 4306 1757 4370 quo
