4282 5390
381 463 432 560 ‘76

356 621 497 737 'quasi'
526 654 721 741 ,deinsuper
751 651 979 722 adstantium
1008 651 1177 720 manibus
1207 651 1251 718 in
1278 671 1423 718 murum
1451 651 1651 720 adtollitur
1682 619 1799 740 parti-¹

380 761 511 842 cipium
532 765 696 827 omissum
716 764 899 849 putaveris.
930 785 959 827 e.
980 785 1031 849 gr.
1050 762 1235 838 sublatum
1256 759 1360 823 etiam
1379 762 1424 821 ad
1441 759 1546 823 verba
1565 760 1604 822 in
1623 783 1789 847 murum,
1898 790 1901 798 ·

323 863 356 905 's
379 885 558 930 summum
584 869 640 931 vel
669 872 736 932 tale
758 869 845 952 quid
876 869 1110 948 adjiciendum
1137 885 1226 947 esse,
1248 863 1396 928 maxime
1422 884 1501 926 cum
1523 865 1617 928 Serv.
1639 868 1684 928 ed
1703 868 1789 931 Aen.

373 971 524 1032 -1x.558.
545 973 595 1034 ita
619 976 746 1037 dehac
766 996 803 1038 re
825 975 914 1059 agit:
933 975 1047 1049 ..muri
1069 974 1154 1038 olim
1175 971 1239 1034 alti
1263 983 1464 1056 nouerant,
1484 973 1544 1032 sed
1562 973 1606 1032 ad
1625 969 1792 1054 impetum
1824 1047 1827 1056 Ι

382 1081 517 1134 tantum
533 1077 781 1158 repellendum.
803 1082 850 1140 Ut
865 1079 970 1142 etiam
988 1079 1154 1141 Salustius
1168 1076 1330 1160 ostendit,
1350 1076 1413 1137 ubi
1425 1074 1614 1138 Sertorium
1634 1075 1791 1140 humeris

306 1236 308 1240 .
350 1171 549 1241 'sublatum
558 1180 1791 1256 murosascendissememorat)AcceditPlutarchiauetoritasV.Sert.14.

326 1375 337 1398 .
376 1287 437 1359 καὶ
455 1289 519 1373 τοῖς
538 1273 639 1391 ὅμως
657 1283 896 1396 ἐπαραμένους,
917 1282 1045 1374 ἄλλους
1063 1279 1128 1388 api
1138 1275 1257 1366 ianas
1276 1289 1504 1388 ἐπικουφίσαι
1522 1277 1606 1387 arpis
1622 1277 1669 1362 vd
1686 1288 1789 1380 ω’χη.
1867 1395 1869 1402 Ι

378 1409 445 1470 Sed
465 1413 504 1472 in
536 1414 805 1481 celebratissimo
825 1419 891 1480 illo
915 1417 1093 1480 brevitatis
1116 1417 1231 1479 studio
1253 1418 1327 1481 baec
1350 1413 1501 1478 ommitti
1522 1419 1692 1496 poterant.
1723 1413 1792 1476 Sed

378 1518 473 1594 quod
496 1523 661 1583 mendum
682 1521 928 1605 scripturaeest
945 1521 1242 1604 insequentibus,
1263 1524 1331 1584 hoc
1350 1521 1581 1582 monendum:
1599 1537 1708 1599 snper
1725 1515 1793 1593 ad·

376 1617 557 1685 stantium
585 1643 656 1688 esse
673 1623 933 1709 conjungenda}
962 1629 1005 1688 de
1025 1646 1063 1688 re
1082 1625 1157 1708 ipsa
1178 1625 1239 1687 cfr.
1263 1624 1410 1708 Appian.
1430 1626 1467 1684 B.
1489 1623 1607 1682 Mithr.
1630 1641 1658 1683 c.
1679 1642 1737 1702 7¹3
1759 1627 1794 1684 et

378 1723 421 1783 de
441 1726 526 1786 Bell.
545 1727 645 1790 Civil.
666 1732 692 1791 Ι.
712 1733 770 1811 873
799 1733 913 1814 potuit
929 1734 996 1795 hoc
1014 1733 1166 1794 Sertorio
1188 1732 1362 1813 accidere,
1382 1735 1459 1812 post
1482 1717 1644 1810 proelium
1660 1727 1794 1810 Sagun·

283 1856 285 1861 s
377 1825 489 1887 tinum
513 1849 591 1892 cum
610 1832 770 1895 Cluuiam
791 1813 832 1899 se
856 1838 962 1899 celeri
980 1837 1062 1922 fuga
1083 1837 1222 1921 recepit.
1255 1835 1316 1899 cfr.
1336 1853 1439 1918 supra
1455 1855 1490 1916 p.
1513 1837 1561 1894 13.
1586 1837 1620 1894 el
1639 1832 1728 1892 Plut.
1751 1829 1793 1896 V.

377 1932 500 1997 Sertor.
520 1957 575 2014 193
597 1935 657 1999 cfr.
672 1939 829 2002 ¹Perizon.
846 1942 1001 2004 Arimod.
1018 1963 1105 2006 vers.
1124 1942 1212 2004 Hist.
1228 1944 1264 2004 C.
1277 1943 1316 2002 X.
1336 1939 1408 2002 Alii
1428 1942 1495 2001 hoc
1516 1941 1561 2000 ad
1587 1937 1706 2022 fugam
1725 1935 1810 1997 Ca·-

376 2035 515 2120 lagurin
547 2041 672 2103 factam
698 2045 868 2120 referunt,
889 2050 985 2127 quod
1005 2047 1148 2127 quidem
1174 2053 1348 2124 statuunt,
1377 2045 1569 2107 Sertorium
1598 2063 1639 2105 ex
1665 2040 1791 2127 proelio

357 2137 568 2221 'Saguntino
591 2163 633 2204 eo
656 2149 866 2229 confugisse3
901 2171 1005 2227 quem
1029 2172 1182 2212 errorem
1201 2151 1226 2210 1.
1251 2150 1529 2233 l.hrefutavimus.
1560 2168 1669 2230 ·7⁰··
1687 2148 1792 2208 Idem

368 2239 499 2330 secere
520 2244 698 2311 Octavius
725 2260 761 2313 et
787 2251 830 2332 Q.
855 2250 992 2336 Caepio.
1027 2257 1071 2316 de
1092 2251 1160 2317 ho'c
1181 2252 1374 2339 fragmento
1397 2251 1502 2313 Debr.
1523 2233 1621 2311 acute
1642 2248 1793 2331 disputa·

379 2347 447 2429 vit,
468 2351 556 2412 Hist.
575 2353 616 2416 R.
640 2355 683 2417 R.
702 2357 730 2418 Ι.
748 2372 821 2437 407.
837 2376 911 2439 sqq.
942 2361 1024 2421 Haec
1046 2360 1214 2420 Salustius
1237 2361 1329 2419 baud
1356 2355 1463 2416 dubie
1484 2375 1524 2415 eo
1545 2355 1624 2414 loeo
1641 2351 1795 2420 historia

379 2450 542 2539 intexuit,
563 2459 626 2520 ubi
652 2463 695 2523 de
717 2460 856 2524 interno
881 2461 1083 2535 reipublicae
1104 2469 1194 2514 statu
1221 2467 1255 2512 et
1283 2461 1327 2513 de
1350 2457 1457 2511 variis
1477 2457 1661 2517 hominum
1681 2477 1795 2539 popu-

379 2557 506 2621 larium
526 2563 704 2619 conatibus
738 2550 916 2633 disseruit,
938 2557 1064 2637 quibus
1083 2556 1281 2616 libertatem
1303 2554 1479 2636 publicam
1499 2554 1636 2620 firmare
1664 2567 1698 2621 ct
1719 2562 1794 2643 ple-

379 2660 461 2721 bem
490 2670 715 2738 senatumque
736 2662 780 2720 ab
805 2661 990 2740 impotenti
1011 2660 1153 2722 licentia
1176 2679 1365 2742 paucorum
1389 2658 1567 2723 vindicare
1592 2665 1792 2749 studebant,

382 2782 457 2842 quae
473 2763 620 2844 scriptor
638 2763 745 2824 verbo
762 2762 912 2845 attingit,
927 2763 1031 2845 paulo
1053 2761 1163 2823 fusius
1183 2763 1302 2826 Cicero
1322 2768 1413 2826 Brut.
1437 2770 1487 2828 25.
1510 2775 1543 2829 et
1565 2769 1614 2828 62.
1636 2770 1680 2830 de
1697 2765 1791 2833 offic.

381 2869 426 2928 ΙΙ.
448 2888 503 2946 213
525 2870 564 2928 N.
585 2870 627 2930 D.
651 2891 676 2929 1.
695 2869 745 2929 38.
763 2877 797 2930 et
815 2867 906 2928 Plut.
919 2869 960 2931 V.
980 2867 1057 2932 Tib.
1072 2868 1195 2928 Grach.
1217 2867 1282 2928 Sed
1298 2869 1473 2931 Ernestius
1489 2880 1580 2933 recte
1598 2880 1636 2933 ut
1654 2872 1793 2937 videtur

381 2971 456 3035 ltaec
478 2974 613 3035 duobus
635 2972 779 3035 diversis
797 2971 947 3033 Octaviis
969 2970 1112 3054 tribuit,
1144 2979 1263 3034 contra
1279 2972 1484 3036 Debrossius
1504 2981 1538 3036 et
1562 2978 1791 3041 constantiam

383 3078 422 3139 in
442 3078 588 3138 Gracchi
608 3078 745 3161 legibus
769 3076 1012 3162 oppugnandis
1039 3085 1073 3141 et
1091 3078 1205 3161 legem
1226 3075 1488 3142 frumentariam
1511 3079 1725 3160 antiquatam
1746 3084 1792 3145 ad

383 3184 529 3245 eundem
544 3182 688 3244 rettulit.
707 3198 807 3264 -74.-
826 3185 1032 3264 Perperna,
1055 3191 1131 3244 tum
1143 3179 1277 3264 paucis
1287 3180 1497 3273 profectus,
1518 3207 1600 3249 vero
1616 3193 1670 3249 est
1684 3195 1793 3277 testu·

383 3286 538 3368 munda,
559 3287 655 3350 loeus
673 3289 808 3374 integer
821 3308 892 3353 esse
908 3288 967 3352 vix
983 3295 1115 3374 potest3
1136 3286 1326 3369 subjectum
1346 3298 1436 3354 certe
1457 3291 1620 3354 omissum
1639 3300 1698 3359 est.
1719 3295 1793 3358 Cae·
1867 3297 1873 3308 ’

384 3399 496 3452 terum
516 3415 613 3476 paene
631 3395 792 3478 putidum
813 3403 863 3458 est
883 3414 1059 3476 enarrare,
1086 3405 1215 3475 quanta
1232 3417 1309 3459 cum
1331 3397 1523 3460 temeritate
1545 3408 1578 3459 et
1594 3397 1793 3463 inconside-

385 3497 498 3558 rantia
526 3501 731 3564 Debrossius
758 3501 882 3584 saepius
909 3521 1018 3585 pauca
1040 3501 1147 3564 verba
1171 3500 1401 3583 ordinaverit,
1426 3510 1557 3562 certum
1584 3501 1711 3580 suique
1736 3503 1792 3565 lo·

385 3624 462 3665 cum
486 3606 712 3690 adtribuerit,
744 3607 844 3688 quasi
864 3607 982 3670 omnia
1007 3606 1089 3670 satis
1109 3613 1200 3668 certa
1220 3612 1254 3668 et
1276 3603 1376 3665 firma
1397 3613 1524 3687 essent,
1552 3624 1628 3684 quae
1647 3605 1790 3686 quidem

348 3743 350 3752 ·
384 3719 537 3792 repetere
558 3711 625 3773 boc
644 3719 694 3775 est
713 3713 769 3777 vel
789 3732 910 3775 eorum
932 3713 1039 3775 fideui
1062 3711 1237 3792 minuere,
1256 3727 1333 3789 quae
1350 3707 1555 3772 verisimilia
1580 3719 1671 3774 recte
1695 3711 1798 3807 dipem

383 3813 441 3877 ris.
460 3817 560 3897 -75'.-
580 3820 636 3899 At
643 3839 714 3900 per
732 3837 872 3882 omnem
884 3813 1115 3900 provinciam
1133 3824 1195 3879 etc.
1216 3815 1282 3876 hoc
1301 3813 1547 3898 fragmentum,
1569 3819 1663 3896 quod
1679 3835 1790 3908 nuper

386 3923 540 4004 accessit,
568 3925 613 3984 ad
645 3923 853 3996 initiabelli
875 3919 1065 3986 Sertoriani
1093 3922 1266 4006 pertinere
1291 3907 1446 4002 videtur',
1474 3921 1537 3981 ubi
1558 3921 1728 3986 Sertorius
1748 3943 1790 3988 ex

385 4022 501 4086 Africa
522 4030 644 4108 redux,
664 4039 742 4109 post
760 4029 909 4111 primam
925 4025 1105 4091 victoriam
1128 4036 1232 4090 totam
1254 4025 1458 4108 Hispaniam
1486 4035 1615 4090 terrore
1636 4027 1790 4114 nominis

387 4126 638 4212 sui⁴implevit3
659 4131 732 4195 sola
753 4151 819 4197 vox
837 4136 875 4198 in
898 4154 967 4217 qua
988 4127 1158 4214 offendas,
1179 4141 1228 4195 est
1245 4129 1406 4209 accitas3
1428 4133 1488 4194 sed
1504 4133 1560 4198 rel
1580 4133 1649 4196 boc
1664 4131 1714 4198 ita
1732 4150 1789 4197 ex·

384 4233 513 4319 plices,
532 4243 572 4297 ut
587 4237 744 4303 additum
762 4247 889 4306 statuas
908 4242 953 4304 ad
969 4237 1022 4302 rei
1040 4237 1246 4300 miraculum
1261 4238 1468 4325 augendum.
