4334 5354
413 641 573 711 iuterim.
599 652 633 708 3.
654 599 704 722 49.
732 631 913 745 05000156.
940 631 1045 716 item,
1074 629 1310 746 itemque-19.
1343 627 1403 700 050.
1426 634 1477 698 65.
1508 629 1675 698 simulet
1695 654 1744 708 00.
1767 657 1819 720 ²4.
1917 644 1920 651 .

413 755 463 814 05.
486 752 533 811 56.
551 750 754 828 pristena,
776 741 840 805 ubi
860 751 885 794 ⁰¹
904 747 1138 820 7590970000ωο
1158 737 1221 820 qui
1240 737 1420 822 dicuntur,
1440 739 1494 802 vel
1517 742 1663 805 oratorii
1679 744 1819 832 histori-

412 854 445 916 ci
464 849 584 914 omnia
602 846 782 932 particulis
809 843 1003 908 causalibus
1023 843 1264 928 conglutinare
1284 847 1430 911 student.
1451 851 1644 910 ceterorum
1664 851 1819 934 exempla
1849 857 1858 876 ⁴
1900 873 1904 883 ¹

409 955 552 1019 laudare
571 952 627 1015 nil
646 950 783 1030 attinet3
804 949 932 1034 passim
953 947 1048 1011 enim
1068 957 1262 1024 0000000054
1283 950 1327 1013 dc
1340 945 1455 1012 simul
1471 959 1505 1014 et
1525 953 1612 1015 item
1633 953 1696 1018 050.
1718 957 1756 1017 G.
1770 959 1819 1019 ι6.

413 1084 462 1143 17.
487 1083 534 1142 ¹9·
556 1074 607 1120 00.
631 1075 680 1138 07.
701 1061 753 1120 30.
773 1057 823 1120 36.
844 1059 894 1135 37.
915 1056 965 1127 40.
986 1056 1037 1135 47.
1058 1055 1109 1126 48.
1132 1058 1181 1117 5ι.
1205 1057 1254 1117 53.
1280 1064 1314 1121 3.
1337 1069 1387 1128 ι4.
1411 1056 1461 1118 ι5.
1487 1077 1534 1138 17.
1556 1061 1602 1122 18.
1627 1080 1674 1140 ¹9·
1698 1081 1747 1122 οο.
1770 1085 1819 1125 21.

413 1171 463 1230 03.
484 1173 544 1230 050.
568 1161 715 1246 8009500,
736 1169 775 1224 05
794 1159 988 1222 orationem
1006 1177 1079 1220 non
1098 1157 1203 1241 plane
1223 1159 1371 1221 solutam
1393 1161 1548 1242 doceret,
1568 1171 1602 1226 05
1616 1163 1815 1241 juncturam
1839 1229 1843 1239 ,

411 1272 588 1353 quandam
600 1267 692 1332 inter
703 1264 865 1350 periodos
882 1263 1094 1345 intercedere
1106 1263 1324 1348 signiticaret,
1346 1265 1515 1348 particula
1531 1263 1649 1356 igitur
1669 1290 1747 1334 usus
1758 1279 1818 1354 est,

412 1387 446 1441 05
466 1375 571 1440 505550
592 1371 758 1436 orationis
778 1369 904 1456 posuit.
926 1367 987 1431 cfr.
1010 1369 1047 1431 G.
1072 1391 1099 1433 0.
1122 1385 1153 1444 4.
1174 1371 1205 1436 6.
1232 1391 1259 1451 7.
1282 1390 1312 1449 9.
1336 1392 1384 1434 ιο.
1408 1377 1456 1436 ιι.
1481 1393 1528 1434 12.
1550 1375 1599 1434 ι5.
1624 1395 1671 1452 ¹9·
1696 1392 1743 1451 24·
1766 1379 1817 1437 06.

414 1501 462 1564 07.
486 1482 535 1546 08.
553 1469 608 1542 30.
631 1495 681 1555 4ο.
703 1479 753 1552 46.
772 1490 823 1558 47.
858 1485 893 1541 3.
913 1478 960 1537 ι3.
984 1477 1032 1540 58.
1055 1477 1106 1537 35.
1125 1487 1173 1548 40.
1195 1474 1245 1546 43.
1267 1477 1315 1550 46.
1336 1477 1386 1554 48.
1410 1477 1458 1539 53.
1481 1476 1530 1538 55.
1553 1478 1602 1557 57.
1625 1481 1673 1539 58.
1695 1481 1743 1559 59.
1767 1481 1816 1546 61.

412 1589 463 1653 60.
478 1594 539 1650 etc.
559 1583 670 1646 Etiam
690 1575 746 1646 ito
767 1581 848 1645 satis
866 1577 1039 1661 frequens.
1062 1580 1100 1645 C.
1126 1600 1150 1640 1.
1172 1587 1201 1642 e.
1225 1582 1273 1641 08.
1294 1590 1326 1645 3.
1348 1601 1397 1642 ιι.
1421 1597 1469 1650 00.
1493 1583 1540 1644 05.
1561 1586 1608 1644 3ι.
1630 1585 1680 1644 36.
1700 1599 1815 1661 41.44.

412 1691 462 1762 45.
485 1693 534 1753 50.
558 1689 607 1750 55.
629 1689 678 1748 6ο.
701 1689 751 1768 67.
772 1688 822 1766 69.
845 1689 895 1765 73.
918 1685 1039 1767 7480.
1062 1684 1112 1744 81:
1135 1686 1183 1763 98.
1212 1678 1480 1762 0001058000οί9
1507 1684 1598 1748 illud
1620 1687 1713 1751 enim
1734 1683 1823 1750 con-¹
1910 1765 1913 1774 .

413 1795 608 1858 elusionem
618 1791 674 1856 001
689 1787 937 1870 transitionem,
958 1790 1025 1852 hoc
1043 1797 1244 1853 eventorum
1259 1790 1538 1872 consequentiam
1558 1791 1742 1876 0590550057
1763 1813 1817 1856 ra·

302 1899 305 1904 ’
412 1898 486 1964 0500
506 1894 631 1978 itaque
649 1893 792 1979 ponitur
810 1894 849 1955 C.
871 1902 920 1960 00.
940 1904 973 1961 J.
994 1915 1041 1955 ιι.
1067 1915 1115 1957 ιο.
1142 1897 1188 1957 ι3.
1211 1914 1259 1956 ao.
1280 1899 1330 1971 46.
1353 1898 1401 1971 54.
1425 1898 1474 1970 64.
1496 1898 1544 1958 85.
1566 1898 1617 1975 93.
1639 1895 1692 1958 050
1712 1897 1816 1959 00050-
1876 1935 1879 1942 ·

346 2084 348 2088 Ι
411 2003 498 2068 sime
517 2013 549 2068 J.
573 2005 623 2063 65.
644 2003 695 2064 63.
717 2019 767 2081 9ο.
788 1997 849 2061 fin.
868 2013 918 2082 94.
940 1998 1002 2062 fin.
1029 1997 1222 2083 Stepissime
1242 2007 1357 2063 autem
1379 2000 1546 2084 oppositis
1566 2001 1718 2064 illustrat
1738 2021 1817 2065 ora·

412 2110 563 2184 tionem3
583 2126 651 2188 qua
672 2105 712 2167 in
731 2123 769 2168 re
789 2103 1013 2174 usitatissima
1034 2109 1084 2166 est
1102 2101 1271 2186 particula
1291 2105 1364 2168 sed.
1385 2107 1420 2167 C.
1440 2111 1468 2167 3.
1486 2109 1514 2169 6.
1530 2128 1559 2187 7.
1581 2109 1612 2168 8.
1633 2128 1683 2172 ιο,
1699 2128 1744 2174 ιι,
1764 2105 1813 2172 ι3.

415 2215 462 2284 ι4.
485 2215 533 2275 ι6.
557 2215 605 2275 58.
627 2230 676 2273 00.
699 2214 750 2272 03.
773 2214 824 2301 30.
851 2213 900 2272 3ι.
924 2213 973 2270 36.
996 2213 1045 2287 37.
1070 2213 1119 2289 39.
1142 2223 1191 2281 4ι.
1212 2211 1263 2282 43.
1285 2211 1334 2290 49.
1356 2213 1405 2272 50.
1429 2213 1477 2275 50.
1501 2213 1550 2274 55.
1571 2223 1604 2277 3.
1631 2233 1674 2272 ιι.
1699 2230 1745 2275 ιο.
1770 2215 1816 2274 ι3.

413 2343 461 2382 00.
484 2335 534 2380 00.
557 2318 605 2381 08.
626 2319 676 2378 35.
698 2317 749 2378 35.
771 2329 822 2390 40.
842 2319 894 2389 45.
914 2312 964 2391 48.
988 2314 1036 2374 56.
1059 2316 1108 2394 57.
1129 2315 1179 2376 60.
1204 2317 1253 2377 65.
1275 2319 1324 2399 73.
1346 2324 1407 2380 050.
1452 2316 1515 2378 Cui
1542 2317 1718 2399 particulae
1745 2337 1816 2380 non

412 2425 517 2487 modo
538 2423 634 2485 10000
654 2419 804 2502 005,”055
823 2417 998 2482 0005000ἰο
1019 2427 1112 2500 sunt,
1134 2439 1211 2498 quae
1230 2429 1423 2502 9000οῐ007
1446 2423 1506 2484 sed
1527 2421 1641 2503 etiam,
1656 2423 1686 2484 si
1699 2423 1817 2505 priora

412 2528 604 2592 accuratius
615 2524 830 2610 explicantur
840 2523 1109 2601 illustranturve3
1121 2543 1197 2606 quae
1211 2525 1353 2606 quidem
1366 2523 1507 2609 propria
1524 2527 1628 2608 hujus
1639 2527 1816 2610 particula
1941 2593 1950 2604 ,

410 2635 463 2696 050
482 2641 549 2709 0057
569 2641 661 2696 reete
682 2631 776 2697 enim
796 2629 955 2693 Handius
974 2630 1072 2692 Turs.
1091 2651 1125 2712 9.
1147 2633 1218 2707 405.
1240 2631 1333 2704 ..Sed
1349 2651 1421 2692 000
1441 2632 1603 2715 0990055,
1624 2635 1684 2695 sed
1705 2643 1816 2694 secer-

412 2737 466 2798 nit
494 2743 526 2798 et
555 2734 699 2819 apponit
725 2735 782 2807 id,
813 2737 908 2815 quod
937 2732 1221 2815 distinguendum
1243 2735 1419 2816 videtur,²>
1446 2737 1515 2798 nisi
1536 2740 1630 2816 quod
1651 2736 1817 2798 Salustius

412 2839 527 2903 multis
547 2838 633 2901 locis
655 2857 730 2902 eam
747 2836 953 2921 particulam
974 2835 1167 2918 usurpavit,
1194 2835 1257 2897 055
1278 2834 1371 2898 enim
1392 2836 1447 2899 vel
1468 2839 1534 2905 alia
1555 2841 1760 2921 explicativa
1780 2865 1815 2923 p.

411 2953 484 3008 0005
504 2943 624 3024 ntique
643 2942 813 3006 usitatior.
833 2943 862 3004 A
881 2941 1025 3004 notione
1045 2963 1079 3024 p.
1100 2941 1167 3003 sed
1182 2961 1255 3003 non
1268 2940 1318 3003 ita
1331 2941 1477 3003 multum
1498 2943 1627 3006 recedit
1642 2951 1812 3021 ceterum,

414 3053 508 3130 quod
522 3047 645 3130 saepius
659 3048 815 3110 Graccum
836 3042 870 3114 tl
890 3044 1068 3130 exprimit,
1091 3043 1152 3108 cfr.
1171 3055 1202 3111 3.
1220 3049 1267 3108 ι3.
1294 3047 1340 3118 ι4.
1363 3063 1413 3107 00.
1437 3048 1486 3117 46.
1508 3047 1558 3122 48.
1581 3050 1629 3110 55.
1653 3057 1686 3110 05
1707 3047 1815 3111 Indic.

414 3154 484 3215 nisi
504 3153 600 3232 quod
620 3152 744 3217 elarius
765 3151 951 3238 significat,
973 3151 1075 3226 addi,
1096 3171 1172 3232 quae
1192 3154 1236 3213 ad
1258 3152 1462 3236 explendam
1476 3152 1679 3216 sententiam
1701 3174 1816 3216 neces·
1856 3141 1859 3146 Δ

413 3244 503 3320 sario
523 3257 727 3341 pertineant.
767 3257 839 3320 Etsi
860 3277 932 3320 non
953 3258 1110 3320 omnium
1130 3257 1288 3318 locorum
1314 3259 1434 3318 eadem
1461 3267 1512 3319 est
1533 3257 1640 3341 ratio,
1677 3259 1816 3342 sapius-

413 3360 679 3444 queasrlustio
700 3363 752 3426 ibi
772 3362 926 3444 ponitur,
945 3363 1008 3423 ubi
1028 3361 1100 3423 vim
1122 3361 1324 3442 copulativae
1346 3370 1430 3443 part.
1452 3362 1579 3426 505000
1599 3361 1746 3426 videtur.
1767 3366 1815 3426 Ex

412 3469 534 3534 ceteris
554 3466 774 3534 adversativis
793 3487 828 3548 p.
850 3487 994 3547 oerum,
1023 3484 1127 3540 cero,
1149 3472 1272 3527 autem
1294 3465 1408 3529 minus
1429 3467 1624 3548 frequentes
1643 3479 1732 3532 sunt.
1755 3469 1813 3532 cfr.

413 3577 449 3639 C.
473 3599 502 3643 0.
525 3586 558 3640 3.
583 3589 629 3649 ι4.
652 3588 700 3647 04.
721 3571 772 3633 05.
795 3591 843 3651 09.
864 3571 912 3630 35.
935 3571 984 3632 50.
1007 3569 1056 3631 80.
1078 3567 1128 3633 85.
1149 3565 1273 3631 cerum
1295 3566 1389 3632 enim
1409 3593 1516 3655 vero,
1538 3593 1606 3654 qua
1625 3597 1659 3657 p.
1682 3584 1815 3640 antece·

411 3681 531 3744 dentia
543 3677 711 3765 oppositis
723 3675 903 3738 firmantur
925 3682 962 3744 et
978 3673 1130 3759 graviter.
1147 3685 1390 3758 asseverantur,
1404 3677 1527 3760 paucis
1546 3679 1632 3744 locis
1654 3681 1812 3757 occurrit;
1850 3690 1852 3694 '

412 3789 447 3847 C.
460 3811 488 3854 2.
506 3809 552 3851 20.
563 3781 685 3866 Atqui
696 3781 909 3845 rarissimum
922 3791 953 3845 3.
969 3784 1019 3842 3ι.
1030 3779 1102 3860 At,
1116 3781 1210 3861 quod
1224 3782 1402 3862 sequentia
1416 3785 1696 3848 antecedentibus
1708 3807 1815 3870 oppo-

414 3891 484 3966 nit,
513 3891 584 3954 sive
605 3909 658 3952 000
679 3889 753 3972 5900
774 3885 944 3950 contraria
965 3893 1029 3968 est,
1056 3884 1127 3950 sive
1149 3893 1282 3946 tantum
1303 3905 1323 3945 a
1343 3883 1508 3966 scriptore
1528 3898 1653 3951 000500-
1667 3890 1815 3974 099005-

414 4001 472 4054 tur
493 3993 565 4073 (cfr.
587 3996 701 4054 Hand.
722 3993 799 4072 1.l.)
822 3993 904 4056 satis
924 3992 1093 4073 frequens.
1116 3990 1151 4050 C.
1163 3991 1192 4050 6.
1213 3992 1241 4049 8.
1268 3997 1381 4048 rano.
1402 3992 1453 4050 03.
1474 3993 1526 4050 3ι.
1547 3995 1598 4054 33.
1620 3999 1670 4070 34.
1692 4001 1813 4072 4043.

412 4103 466 4172 46.
489 4099 537 4162 50.
560 4103 608 4163 50.
634 4103 682 4177 57.
710 4108 752 4164 30
767 4101 813 4170 ι4.
837 4119 884 4160 οο.
906 4101 957 4160 35.
980 4100 1028 4171 54.
1051 4097 1100 4158 56.
1124 4096 1174 4156 58.
1213 4090 1293 4167 Ejus
1313 4091 1364 4153 vis
1386 4102 1531 4177 augetur
1553 4108 1684 4160 contra
1706 4101 1812 4179 adpo·
1911 4129 1916 4136 ·

413 4201 481 4265 sito
502 4213 533 4268 3.
559 4205 605 4261 ι5.
626 4205 676 4264 36.
720 4205 878 4266 Ceterum
906 4201 1000 4283 quod
1026 4197 1186 4282 0090050
1207 4195 1410 4258 universum
1427 4201 1470 4260 de
1492 4201 1648 4264 oratione
1668 4201 1811 4263 Salustii

394 4307 544 4372 ‘dietum
565 4291 637 4390 est,
658 4306 781 4392 saepius
813 4307 947 4370 omissis
973 4313 1059 4387 part.
1089 4299 1276 4366 sententias
1303 4304 1482 4368 sententiis
1503 4315 1536 4367 et
1564 4301 1668 4368 verba
1697 4307 1811 4370 verbis
