4282 5390
388 461 435 532 ao

381 655 601 738 Spartacum,
630 669 693 736 per
714 649 908 712 Lucaniam·
921 649 965 708 ad
990 665 1084 710 mare
1109 655 1352 730 properantem
1365 646 1398 729 ⁴²)
1427 628 1578 733 secutus,
1598 648 1638 714 in
1657 652 1790 738 Rhegi·

334 830 339 836 ,
382 777 509 822 norum
538 777 618 841 agro
641 753 818 818 considere
846 749 966 834 coegit.
1007 751 1175 836 Fugitivi,
1210 751 1357 816 Cilicum
1391 753 1537 816 navibus
1563 753 1604 817 in
1631 739 1794 822 Siciliam·

382 865 612 926 transmittere
637 859 770 937 conati,
800 875 860 938 spe
887 854 1074 928 frustrata,
1107 877 1144 919 re
1172 857 1398 920 frumentaria
1416 859 1575 922 laborare
1600 869 1787 943 coeperunt.

381 968 518 1029 Crassus
537 965 649 1042 enim,
670 941 835 1024 altissima
854 959 944 1022 fossa
966 981 1029 1043 per
1050 957 1203 1023 medium
1228 962 1394 1036 isthmum
1412 965 1532 1043 ducta,
1554 963 1644 1030 fame
1666 984 1725 1030 eos
1742 968 1789 1030 ad
1820 967 1825 974 ’

281 1073 290 1090 ‘
380 1070 591 1133 deditionem
606 1067 814 1147 compellere
834 1064 972 1128 studuit.
982 1064 1041 1147 aa)
1063 1066 1132 1150 Qui
1148 1085 1225 1128 cum
1241 1075 1339 1129 nocte
1353 1068 1546 1151 procellosa
1560 1069 1668 1152 elapsi
1679 1073 1790 1133 Brun-

281 1179 283 1187 '
381 1175 518 1239 dasium
543 1171 813 1252 contendissent,
842 1171 980 1233 Crassus
999 1179 1094 1233 tanto
1112 1179 1242 1235 terrore
1260 1173 1436 1255 perculsus
1456 1181 1523 1256 est,
1552 1182 1591 1236 ut
1610 1174 1723 1237 literis
1744 1178 1789 1238 ad

263 1329 268 1338 .
380 1286 533 1344 senatum
549 1276 661 1356 missis
679 1283 713 1339 et
731 1275 935 1360 Pompejum
956 1297 997 1339 ex
1016 1275 1184 1359 Hispania
1213 1284 1247 1339 et
1274 1278 1459 1340 Lucullum
1482 1297 1523 1340 ex
1541 1279 1688 1344 Thracia
1710 1300 1788 1343 cum
1832 1261 1839 1282 ’

380 1385 585 1450 exercitibus
601 1383 639 1445 in
654 1381 788 1448 Italiam
810 1383 1021 1444 revocandos
1034 1389 1195 1448 censeret.
1211 1380 1289 1465 aaa)
1320 1373 1387 1445 Sed
1407 1383 1513 1465 paulo
1528 1391 1607 1465 post
1627 1383 1790 1468 fugitivo·
1905 1409 1913 1426 ·
1945 1404 1953 1423 ·

381 1509 456 1550 rum
481 1508 575 1570 pars,
597 1507 672 1567 quae
694 1507 714 1546 a
735 1488 853 1547 Crasso
875 1487 1091 1568 discesserat,
1112 1486 1217 1570 ricta,
1241 1487 1441 1569 etamplius
1469 1488 1653 1551 duodecim
1677 1489 1791 1551 millia

381 1595 531 1657 hostiurn
540 1610 627 1656 caesa
644 1601 732 1656 sunt.
747 1589 851 1670 moa)
864 1591 1061 1672 Spartacum
1074 1581 1187 1673 ipsum
1205 1593 1244 1655 in
1255 1594 1362 1655 saltus
1376 1594 1550 1656 Petelinos
1562 1597 1789 1677 recedentem,

381 1701 528 1783 Quintus
547 1693 659 1758 Crassi
684 1697 815 1780 legatus
837 1705 870 1759 et
888 1697 1039 1778 Scropha
1059 1706 1214 1780 'quaestor
1230 1697 1394 1780 insecuti,
1420 1697 1535 1760 subito
1562 1697 1791 1782 fugitivorum

380 1799 511 1886 impetu
528 1795 699 1886 oppressi,
719 1797 827 1865 effusa
845 1800 928 1886 fuga
941 1811 1049 1862 castra
1070 1801 1254 1884 petierunt.
1267 1801 1389 1885 omar)
1410 1804 1546 1868 Crassus
1560 1801 1683 1887 igitur,
1695 1811 1733 1864 ut
1755 1784 1790 1865 et

380 1909 582 1994 ignominia
601 1909 714 1971 labem
744 1905 897 1978 aboleret
918 1915 952 1970 ct
975 1909 1133 1992 Pompeji
1155 1909 1305 1972 reditum
1326 1907 1555 1984 anteveniret,
1576 1907 1789 1982 atrocissimo

474 2085 509 2164 ⁰)
530 2087 729 2166 Spartacum
757 2084 898 2146 non-nisi
926 2093 1004 2167 post
1031 2084 1206 2168 duplicem
1234 2085 1366 2149 cladem
1390 2093 1563 2169 acceptam
1584 2084 1624 2152 in
1653 2086 1790 2152 Italiam

380 2188 581 2272 inferiorem
603 2189 740 2250 cessisse
755 2196 876 2249 auctor
892 2197 942 2258 est
957 2189 1152 2271 Appianum
1172 2189 1355 2260 coufirmat
1370 2191 1490 2262 Florus
1506 2191 1568 2256 ΠΙ.
1590 2209 1637 2254 ao.
1659 2208 1701 2266 «a
1719 2197 1789 2278 q'uo

380 2293 472 2379 pulsi
488 2291 665 2376 fugatique
680 2291 717 2354 in
733 2299 884 2364 extrema
903 2293 1012 2356 Italiae
1034 2291 1268 2374 refugerunt.»
1834 2296 1839 2302 '

438 2399 495 2482 ii)
512 2398 631 2460 Plut.l.
641 2397 664 2460 l.
675 2396 820 2476 Appian.
831 2397 889 2477 ¹2¹·
903 2400 1063 2454 Ceterum
1072 2393 1263 2452 hiemehcc
1274 2393 1404 2454 factum
1418 2413 1491 2455 esse
1504 2396 1702 2460 testimonio
1712 2409 1792 2462 sunt
1840 2471 1841 2474 Ἴ

379 2507 483 2570 verba
498 2501 694 2564 Plutarchi:
717 2468 819 2552 tritara
840 2463 993 2574 νιφετώδη
1012 2473 1072 2547 καὶ
1091 2464 1255 2576 πνεύματι
1273 2464 1434 2575 χειμέριον
1452 2471 1727 2576 παραφυλάξας,

439 2609 522 2690 W)
544 2609 621 2670 Hoc
629 2605 691 2668 sub
704 2603 806 2681 hujus
821 2599 904 2664 anni
917 2598 1037 2683 finem,
1049 2599 1104 2662 vel
1114 2597 1288 2680 sequentis
1300 2598 1404 2672 initio
1420 2599 1547 2667 factum
1562 2604 1789 2690 essevidctur.

380 2718 537 2780 Ceterum
548 2715 641 2794 quod
649 2707 853 2773 Debrossius
866 2703 1014 2781 addidit,
1031 2705 1166 2768 senatui
1175 2705 1361 2768 consilium
1377 2704 1689 2789 fuisse,·Lucullum
1703 2730 1789 2791 quo·
1874 2731 1876 2736 ’

380 2841 447 2904 que
457 2840 534 2883 curn
544 2816 721 2880 exercitue
732 2810 936 2875 Macedonia
942 2830 1118 2888 revocare,
1129 2810 1201 2888 ejus
1211 2810 1262 2874 rei
1271 2811 1406 2873 nullum
1416 2813 1677 2896 apudantiquos
1685 2817 1792 2902 scrip·

377 2935 470 2990 tores
485 2931 590 2986 exstat
600 2919 848 2988 testimonium.
861 2913 961 2980 Solus
971 2917 1149 2999 Appianus
1159 2925 1347 2999 auctorest,
1361 2917 1559 3000 Spartacum
1571 2919 1657 2982 falso
1666 2923 1789 2988 nuntio

380 3035 423 3096 de
434 3027 571 3092 Luculli
586 3046 627 3087 ex
635 3025 713 3094 Asia
723 3023 837 3107 reditu
848 3030 1060 3104 permotum,
1078 3021 1240 3087 ultimum
1254 3022 1415 3104 proelium
1427 3044 1505 3086 cum
1515 3025 1633 3088 Crasso
1644 3026 1789 3096 commi-

379 3135 462 3199 sisse
477 3133 498 3194 l.
511 3133 535 3193 l.
551 3153 577 3192 c.
596 3146 662 3190 rao.
681 3131 733 3192 De
756 3128 901 3191 transitu
916 3126 953 3188 in
968 3124 1122 3208 Siciliam
1137 3125 1196 3188 cfr.
1208 3127 1280 3188 Cic.
1302 3127 1341 3189 in
1354 3131 1451 3195 Verr.
1465 3131 1507 3194 V.
1523 3153 1551 3192 2.
1574 3131 1644 3203 «Μ.
1659 3130 1788 3214 Crassi,

382 3344 444 3408 tivi
461 3347 505 3405 ad
519 3323 708 3406 Messanam
733 3339 878 3403 transire
893 3346 1048 3421 possent,
1070 3357 1172 3420 aquo
1191 3337 1247 3400 illi
1263 3349 1388 3402 conatu
1405 3360 1476 3403 non
1488 3349 1583 3403 tanto
1595 3360 1698 3423 opere
1709 3361 1789 3424 pro-

352 3527 353 3534 ,
379 3449 526 3514 bibendi
545 3447 698 3530 inissent,
717 3445 747 3508 si
764 3445 837 3513 ulla
848 3443 887 3506 in
898 3441 1022 3516 ,Sicilia
1040 3442 1201 3526 praesidia
1212 3445 1257 3505 ad
1269 3440 1412 3508 illorum
1430 3445 1616 3506 adventum
1632 3444 1790 3526 opposita

377 3562 589 3640 putarentur.
609 3585 624 3596 ·

102 3733 111 3740 ·
304 3732 307 3738 s
420 3657 541 3738 ιω)
558 3657 633 3720 Li„
652 3656 740 3738 Epis,
759 3655 888 3728 XCVII.
907 3655 975 3728 «Μ.
993 3655 1129 3714 Crassus
1144 3657 1271 3733 praetor
1286 3648 1437 3732 primum
1457 3667 1535 3708 cum
1552 3646 1788 3736 partefugiti-

380 3782 519 3845 vorum,
544 3783 618 3843 quae
639 3781 680 3823 ex
698 3759 810 3836 Gallis
835 3757 1084 3848 Germanisque
1104 3755 1296 3834 constabat,
1320 3751 1470 3814 feliciter
1489 3753 1671 3834 pugnavit,
1692 3741 1793 3820 ,caesis

350 3915 356 3922 .
381 3853 538 3931 bostium*
549 3867 670 3928 XXXV
694 3861 850 3938 millibus
874 3869 907 3923 et
926 3852 1030 3932 ducess
1041 3880 1155 3943 ecrum
1171 3857 1331 3930 Granico.
1368 3858 1453 3928 Cum
1474 3857 1635 3940 Spartaco
1663 3858 1789 3924 deinde
1875 3884 1876 3892 ¹

287 3973 292 3982 ’
380 3967 524 4040 bellavit
549 3968 641 4028 caesis
663 3987 739 4026 cum
762 3964 837 4047 ipso
856 3963 1120 4038 millibus-XC>>
1141 3964 1200 4027 cfr.
1226 3964 1315 4025 Plut.
1333 3963 1440 4028 Crass,
1462 3983 1489 4024 c.
1514 3981 1561 4023 ιι.

441 4068 562 4151 casea)
583 4068 735 4130 Frontin.
752 4071 796 4129 ΙΙ.
811 4084 838 4142 4.
857 4089 887 4158 37·
906 4049 1049 4160 Strateg.
1065 4071 1106 4130 ll.
1124 4071 1152 4130 5.
1173 4069 1220 4139 al.
1242 4065 1419 4151 «Triginta
1435 4065 1589 4157 quinque
1609 4067 1722 4129 millia
1736 4085 1790 4128 ar-

382 4185 555 4250 matorum
571 4197 612 4238 eo
629 4175 753 4258 proelic
770 4173 950 4236 interfecta
969 4156 1046 4236 cum
1065 4173 1149 4253 ipsis
1164 4171 1309 4236 ducibus
1332 4173 1450 4236 Livius
1482 4171 1604 4254 tradit,
1638 4178 1789 4254 receptas

288 4271 292 4287 ⁸
385 4285 538 4371 quinque
555 4283 729 4354 Romanas
750 4277 905 4370 aquilas,
921 4277 1019 4366 signa
1039 4295 1097 4370 seu
1113 4284 1147 4370 et
1162 4275 1307 4360 viginti,
1326 4278 1435 4354 multa
1451 4276 1579 4363 spolia,
1600 4275 1692 4362 iuter
1712 4295 1788 4357 quae

384 4382 539 4476 quinque
553 4385 659 4466 fasces
676 4401 753 4445 cum
773 4381 981 4459 securibus‘>
1001 4381 1091 4442 Plut.
1109 4382 1135 4444 1:
1152 4381 1176 4452 1,
1467 4369 1469 4372 ’
