4334 5354
387 668 493 732 autuu
513 696 533 717 -
550 665 585 724 in
602 665 678 726 cives
696 662 830 721 facinora
847 690 867 707 -
884 657 1078 720 exaedificatas
1093 689 1110 702 -
1128 656 1190 714 nisi
1209 651 1259 712 his
1280 655 1335 734 qui
1354 650 1458 714 ridere
1476 682 1495 696 -
1519 651 1613 710 maria
1633 663 1809 714 constrata-

387 773 466 836 riros
471 766 629 828 muliebria
639 766 703 850 pati
716 797 736 814 -
745 765 867 848 sompni
876 799 893 813 -
903 764 1098 844 consumptui
1107 794 1121 810 ·
1134 770 1196 822 erat
1207 761 1388 820 facillimum
1399 760 1481 818 lactu
1492 793 1505 806 ·
1523 754 1710 839 flagitiorum
1719 769 1809 840 atque

389 876 557 938 tremorum
578 907 590 922 -
614 876 678 934 alea
707 892 801 934 mauu
821 881 924 935 ventre
943 889 1038 952 ganeo
1057 888 1135 951 pene
1157 899 1177 914 -
1197 867 1331 928 alienum
1354 887 1385 926 es
1408 863 1493 924 -bii
1517 864 1656 924 Catilinae
1678 868 1808 948 proximi

388 981 549 1042 familiares
567 989 678 1040 erant-
691 999 710 1040 a
723 982 840 1060 culpa·
860 977 1014 1039 cotidiauo
1030 1012 1048 1024 -
1066 973 1224 1038 inlecebris
1243 1006 1259 1020 -
1276 983 1373 1034 scorta
1385 971 1536 1054 praebebat
1546 1006 1563 1018 -
1582 972 1717 1052 sumptui
1732 974 1809 1033 -ita

389 1089 591 1148 oumarsnt-
609 1105 699 1168 quam
721 1086 863 1167 cuiquam
872 1084 906 1145 id
923 1093 1111 1164 compertum
1127 1083 1232 1142 foret·
1253 1080 1357 1143 nobile
1379 1083 1488 1142 fecerat
1507 1113 1520 1128 -
1540 1079 1682 1140 adultum
1699 1089 1809 1140 atate·

389 1191 482 1252 tuisse
499 1209 587 1252 causa
603 1223 623 1241 -
642 1191 701 1252 diis
720 1192 868 1272 impurus,
881 1188 1058 1250 hominibus
1072 1189 1195 1250 infestus
1211 1209 1228 1236 ·-
1247 1189 1275 1248 ei
1287 1188 1429 1269 mugnis
1439 1209 1456 1232 ⁸·
1476 1197 1676 1266 torpescerent
1691 1218 1705 1233 ·
1721 1187 1810 1246 sociis

388 1297 492 1358 amicis
504 1331 522 1344 -
541 1307 691 1379 oportuna
703 1329 724 1346 ·
742 1295 929 1358 necessitudo
940 1327 960 1344 -
977 1297 1016 1356 Et
1034 1295 1099 1356 illic
1112 1325 1132 1343 -
1157 1317 1190 1376 p.
1206 1299 1318 1358 servius
1332 1295 1429 1366 sillae,
1448 1293 1523 1352 servi
1536 1293 1636 1367 filius,
1654 1325 1673 1340 -
1697 1295 1780 1352 lecca
1793 1324 1811 1338 -

390 1404 445 1484 qui
468 1402 616 1486 ignobiles
637 1401 722 1464 domi
746 1423 782 1463 ac
809 1402 927 1465 nobiles
951 1413 1037 1462 erant
1062 1432 1082 1449 -
1105 1401 1298 1482 dapuationis
1319 1432 1338 1447 -
1363 1405 1449 1479 cujus
1472 1419 1543 1480 oper
1562 1399 1650 1458 illum
1669 1395 1811 1458 dicebaut

368 1519 498 1571 'contra
513 1541 533 1558 ·
546 1508 594 1570 De
619 1503 835 1587 Coniuratione
866 1506 1017 1576 Catilium,
1032 1506 1137 1590 (initio
1156 1528 1222 1587 cap.
1246 1507 1293 1569 ιθ.
1312 1505 1375 1566 bae
1403 1507 1497 1566 literis
1523 1503 1687 1585 majoribus
1711 1503 1810 1566 rubris

386 1614 523 1698 Μαῖα)
547 1607 752 1713 :nequiverit
771 1638 814 1679 m.
836 1636 885 1700 pr.
908 1624 952 1680 at.
977 1614 1151 1676 adulescens
1167 1648 1184 1660 -
1209 1613 1389 1694 optinendas
1406 1647 1423 1660 -
1443 1611 1573 1672 Romam
1597 1643 1617 1660 -
1633 1611 1810 1673 inimicum-

269 1745 274 1754 '
392 1704 451 1800 ilus
470 1719 530 1780 Gn·
549 1714 692 1802 Pompeio
715 1756 733 1769 -
763 1721 812 1778 his
837 1725 904 1798 piso
929 1753 949 1768 -
981 1723 1016 1778 in
1053 1721 1210 1798 provincia
1231 1751 1244 1768 ·
1265 1729 1397 1798 spectata
1418 1719 1496 1778 foret
1522 1714 1601 1776 mihi
1627 1750 1645 1761 -
1671 1715 1813 1775 domina·

391 1827 437 1884 tio
465 1843 618 1904 megnar-
637 1825 742 1882 multis
769 1842 824 1905 ego
850 1820 966 1904 magnis
992 1819 1214 1902 tempestatibus
1240 1851 1260 1868 ·
1286 1833 1405 1882 nosmet
1435 1824 1518 1904 ipsos
1539 1855 1555 1870 ·
1573 1821 1648 1882 boni
1666 1817 1775 1882 militis
1792 1852 1812 1868 -

391 1928 446 1990 ubi
464 1929 573 1991 volunt
589 1958 608 1975 -
625 1926 786 2009 patiemini
805 1929 863 1992 riri
886 1957 906 1976 -
928 1927 962 1988 iu
976 1946 1070 1986 manu
1087 1937 1132 1988 est
1154 1959 1173 1975 -
1197 1926 1355 2008 ingenium
1385 1936 1430 1986 est
1452 1959 1471 1973 -
1500 1930 1633 1986 alienum
1663 1948 1694 1986 es
1722 1958 1739 1972 ·
1765 1926 1812 1986 Eu

391 2035 446 2094 illa
466 2033 521 2094 illa
542 2063 562 2081 ·
582 2032 685 2093 omnia
705 2031 868 2094 victoribus
882 2067 900 2080 -
918 2036 1050 2096 utemini
1080 2036 1103 2114 (i
1116 2055 1184 2117 sup.
1199 2031 1267 2114 lin.)
1282 2067 1299 2080 -
1317 2033 1437 2094 animus
1458 2033 1537 2092 fallit
1554 2060 1577 2077 ·-
1608 2033 1703 2114 magis
1722 2052 1775 2113 yos
1793 2063 1812 2079 ·

395 2139 496 2222 quieta
517 2137 555 2198 u.
576 2138 613 2199 a.
635 2157 752 2202 morere
777 2171 796 2188 -
817 2141 1004 2222 locupletum
1025 2173 1041 2188 -
1062 2139 1140 2201 Cum
1162 2159 1199 2200 eo
1217 2159 1247 2200 se
1269 2142 1392 2200 consule
1413 2173 1427 2186 ·
1447 2137 1577 2198 adiceret
1590 2169 1609 2185 -
1634 2139 1811 2217 sollempui-

393 2245 451 2306 bus
473 2277 490 2294 ·
514 2243 627 2306 dieitur
651 2247 801 2326 aperuisse
818 2277 837 2294 -
863 2249 978 2308 conscii
998 2281 1018 2298 ··
1046 2259 1077 2310 et
1104 2249 1164 2308 alia
1195 2249 1293 2308 multa
1317 2255 1457 2328 praeterea
1481 2277 1497 2290 -
1524 2264 1589 2326 quae
1623 2243 1777 2325 quemme
1795 2276 1812 2289 -

394 2359 546 2436 sumptam
570 2361 678 2413 mutuo
699 2351 753 2431 (m.
780 2353 851 2433 sec.)
882 2353 1053 2415 dissentiret
1076 2389 1093 2401 -
1130 2353 1249 2414 musali
1273 2355 1383 2414 feceret
1406 2385 1422 2401 -
1442 2350 1589 2410 insomnis
1613 2383 1629 2394 -
1660 2351 1813 2428 intempe-

391 2465 469 2516 state
494 2459 593 2520 noctis
616 2487 635 2506 -
658 2470 813 2538 parauerat
835 2491 855 2508 -
885 2463 966 2521 nulli
993 2481 1095 2522 earum
1121 2479 1223 2520 rerum
1248 2459 1367 2520 consuli
1393 2491 1411 2504 -
1440 2459 1490 2518 30.
1524 2456 1559 2516 L.
1587 2457 1696 2518 servius
1724 2472 1815 2514 sena-

350 2589 362 2612 ·
395 2568 445 2622 tor
463 2593 484 2610 ·
503 2562 598 2624 missi.
619 2559 745 2646 Utrique
764 2599 781 2613 -
800 2566 942 2644 (sestertia
966 2567 1104 2641 centum)
1122 2568 1183 2626 hac
1200 2584 1282 2626 erasa
1298 2597 1314 2612 -
1335 2565 1469 2626 sestertia
1490 2583 1577 2624 orum
1600 2584 1642 2622 m.
1660 2582 1719 2624 sec.
1744 2579 1816 2621 cor-

394 2666 469 2726 rexit
484 2699 503 2716 ·
520 2667 651 2730 ducenta
664 2669 749 2730 milia
761 2703 778 2718 -
793 2687 905 2752 ‘neque
929 2675 999 2734 loco
1020 2674 1165 2752 cuiquam
1182 2669 1302 2732 homini
1318 2672 1388 2732 satis
1409 2669 1526 2732 eredere
1542 2670 1776 2748 -iuterrogatus
1796 2686 1815 2724 a

395 2767 488 2828 Lucio
501 2773 594 2847 poulo
606 2800 629 2815 ‹-
651 2770 691 2826 ud
703 2775 876 2830 simulanda
884 2779 988 2832 omnia
1008 2809 1027 2823 -
1051 2780 1202 2850 postulare
1213 2777 1350 2858 patribus
1363 2778 1455 2858 coepit
1477 2811 1494 2824 -
1515 2779 1696 2856 restinguam
1715 2773 1814 2852 -ipse

394 2891 495 2932 secum
510 2903 529 2918 ·
543 2879 701 2951 optumum
726 2870 807 2929 factu
823 2902 842 2917 -
861 2871 997 2951 plerique
1016 2873 1119 2951 patriae
1140 2873 1191 2931 sed
1215 2894 1319 2933 omnes
1334 2883 1412 2934 fama
1435 2909 1453 2922 -
1476 2880 1527 2932 sed
1550 2899 1614 2934 non
1633 2877 1814 2972 imperium,
1930 2861 1934 2870 ’

396 2996 471 3038 non.
491 2977 616 3037 salutem
636 2995 679 3034 m.
695 2993 753 3035 sec.
783 2972 899 3034 addidit
917 3006 936 3021 -
955 2996 1019 3034 non
1042 2978 1113 3057 quia
1135 3011 1151 3023 -
1170 2977 1365 3058 nominibus,
1397 2996 1555 3057 exposcor.
1576 2980 1726 3037 -solvere
1748 2997 1813 3037 non

395 3077 550 3164 ponem*-
571 3079 688 3139 reatino
711 3110 730 3126 -
752 3088 858 3158 preter
878 3108 894 3122 -
915 3080 1153 3161 condempnatos
1174 3111 1190 3122 -
1213 3077 1323 3140 eui'ed
1344 3073 1482 3140 occasum
1505 3115 1524 3134 ι·
1545 3077 1671 3141 discessit
1693 3093 1814 3163 -atque

396 3189 441 3247 uti
454 3185 536 3248 tabes
548 3211 566 3228 -
584 3203 712 3266 preceps
725 3195 789 3244 erat
802 3183 840 3244 de
857 3187 961 3246 multis
977 3220 994 3234 -
1012 3185 1061 3266 39.
1072 3190 1191 3247 animos
1204 3197 1349 3248 arrexerat
1361 3219 1380 3236 -
1393 3187 1549 3270 gabinium
1564 3189 1686 3264 arcersit
1699 3223 1716 3234 -
1726 3209 1815 3271 grac·

335 3337 336 3342 η
397 3307 449 3352 eus
471 3289 602 3352 Muraena
621 3321 640 3341 -
662 3299 793 3371 'optumo
814 3293 930 3351 consuli
952 3324 971 3339 -
1002 3294 1067 3372 ipre
1091 3292 1255 3375 vulturcius
1278 3295 1379 3354 literas
1398 3294 1437 3353 ad
1457 3289 1619 3353 Catilinam
1641 3285 1772 3360 mandat.
1794 3329 1813 3342 -

396 3395 459 3470 Qui
470 3396 527 3456 sim
538 3430 556 3442 -
568 3397 682 3459 mulvio
693 3428 712 3443 ·
731 3397 880 3457 Permittit
888 3398 948 3457 illis
959 3396 1123 3458 homines·
1137 3396 1291 3464 obsidunt.
1306 3433 1323 3446 ·
1336 3401 1511 3478 intellegens
1519 3397 1683 3458 -dubitans
1693 3435 1709 3444 -
1720 3419 1783 3459 non
1797 3435 1813 3447 ·

398 3505 480 3564 velut
493 3523 527 3562 ex
539 3501 699 3563 acerbitate
716 3514 816 3583 erepta
831 3538 847 3548 -
866 3502 970 3563 orabat
992 3505 1025 3562 in
1041 3502 1196 3564 audaciam
1213 3538 1230 3550 -
1249 3503 1288 3563 ab
1305 3503 1395 3575 odio,
1416 3501 1558 3581 agretia,
1579 3504 1815 3585 iraatqueami-

399 3608 470 3668 eitia
490 3638 507 3653 -
526 3607 640 3681 infida,
660 3607 780 3672 adversa
800 3637 819 3655 -
847 3609 1064 3690 cartaginenses
1085 3643 1102 3654 -
1125 3611 1159 3668 iu
1179 3609 1248 3670 illos
1270 3615 1367 3689 jure-
1390 3609 1482 3686 paulo
1505 3609 1601 3671 serior
1619 3610 1676 3670 suit
1694 3644 1710 3657 -
1732 3631 1814 3669 eam-

401 3732 460 3793 que
478 3705 654 3774 modestiam
670 3729 689 3761 ²·
706 3714 864 3794 prasertim
883 3702 1041 3797 diligentia
1056 3747 1073 3760 -
1098 3716 1170 3774 item
1192 3717 1229 3775 de
1248 3712 1375 3793 condep·
1394 3744 1412 3761 -
1433 3715 1554 3773 exilium
1574 3716 1707 3795 permitti
1734 3746 1748 3759 ·
1779 3737 1813 3777 ex

399 3818 487 3878 rebus
506 3818 676 3881 domesticis
689 3855 706 3868 -
720 3821 848 3903 ignaros.
870 3841 897 3881 c.
916 3819 965 3880 52.
988 3839 1041 3902 per
1056 3820 1169 3901 judices
1193 3839 1250 3902 rer.
1271 3817 1351 3899 capit
1363 3850 1381 3865 -
1401 3820 1523 3880 exitium
1551 3823 1648 3882 'ritee-
1676 3825 1710 3880 in
1739 3819 1815 3882 Gal·

306 3935 310 3946 ·
399 3923 484 3984 liam.
516 3945 616 3987 versuo
647 3947 688 3986 m.
717 3947 777 3987 sec.
810 3925 989 3988 emendavit.
1019 3929 1052 3986 in
1087 3927 1218 3987 Gallium
1244 3927 1458 4007 transalpinam
1486 3958 1506 3973 -
1532 3928 1658 3986 excitant
1687 3928 1814 4008 nequie-

400 4045 490 4108 quam
518 4027 636 4092 hortere
659 4063 679 4079 -
702 4033 761 4093 illis
780 4052 994 4115 supervacuum
1016 4045 1059 4095 est
1078 4067 1094 4080 -
1117 4021 1332 4116 aggrediamini
1351 4062 1368 4077 -
1395 4031 1434 4090 ab
1450 4030 1551 4100 deutra
1580 4051 1667 4112 rupes
1685 4052 1816 4114 aspera-

398 4134 437 4194 ad
463 4155 497 4197 ea
518 4148 613 4200 castra
630 4137 754 4202 visendi.
