4282 5390
1706 486 1756 580 89

346 675 500 778 nonaum
528 673 583 762 τῆς
612 666 778 754 Ἰταλίας,
808 669 868 746 καὶ
897 664 1005 758 παλὰς
1034 663 1069 762 ἦν
1098 667 1184 761 οὗτος
1203 677 1236 752 ἐν
1262 669 1356 778 Paipm
1374 669 1497 774 λέγος,
1528 682 1574 766 ὥς
1590 677 1758 784 Πομπηΐω

344 787 495 897 πρᾶτερος
513 802 554 879 εὶς
571 795 718 869 ’tram‘at
736 789 888 892 dottam
907 783 1082 895 Σερτῶριος.
1110 840 1127 856 -
1143 821 1217 866 ra.-
1236 804 1423 888 Namque,
1441 803 1497 868 hia
1514 815 1670 889 praeter.
1705 809 1757 870 Ad

346 913 528 975 Octavium
545 917 579 974 et
593 912 725 972 Cottam
742 912 835 976 Coss.
855 912 923 974 boc
940 913 1114 996 pertinere
1134 935 1175 978 eo
1197 915 1380 1000 probabile
1402 924 1470 1000 est,
1492 920 1586 998 quod
1603 920 1647 982 iis
1667 921 1758 984 Coss.
1813 946 1815 954 ’
1926 943 1931 954 ·

346 1017 534 1082 seditiones
554 1015 648 1079 domi
667 1023 762 1093 ortae,
796 1035 943 1097 quarum
963 1039 1040 1081 cum
1063 1021 1140 1084 aliae
1159 1029 1282 1099 causae,
1314 1029 1387 1084 tum
1410 1019 1516 1086 sames
1534 1029 1636 1104 atque
1652 1025 1758 1108 pesti-

346 1121 455 1187 lentia
473 1120 576 1198 fuisse
592 1120 764 1184 videntur.
785 1115 913 1185 uitiosi
926 1121 1170 1212 magistratus
1184 1128 1272 1193 vitio
1287 1127 1394 1192 creati
1413 1128 1585 1192 dicuntur.
1607 1127 1667 1191 cfr.
1686 1129 1757 1191 Cic.

346 1226 437 1290 Phil.
465 1245 494 1288 a.
522 1232 573 1289 33.
601 1227 798 1310 «Quamdiu
820 1235 859 1290 tu
882 1230 977 1294 voles
996 1231 1142 1297 vitiosus
1157 1233 1285 1310 ¹consul
1312 1233 1514 1297 Dolabella:
1546 1251 1663 1297 rursus
1682 1253 1759 1295 cum

344 1333 460 1410 voles,
482 1332 584 1396 salvis
605 1332 767 1416 auspiciis
788 1341 951 1398 creatus.)>
969 1337 1045 1398 lam
1069 1359 1148 1401 cum
1171 1358 1283 1420 neque
1301 1342 1364 1404 hos
1386 1340 1543 1404 consules
1560 1339 1649 1403 vitio
1666 1356 1759 1401 erea-

346 1445 399 1502 tos
421 1457 509 1520 esse,
536 1438 712 1502 memoriae
732 1439 776 1502 sit
793 1441 988 1526 proditum,
1010 1462 1122 1524 neque
1146 1443 1246 1507 facile
1266 1445 1344 1525 quis
1363 1446 1527 1529 explicet,
1547 1465 1624 1527 quae
1640 1438 1755 1508 solita

347 1545 439 1640 mala
456 1541 591 1607 vitiosis
622 1544 878 1628 magistratibus
897 1547 1071 1630 accidant,
1103 1555 1177 1611 orta
1208 1557 1258 1613 est
1277 1548 1520 1633 Haveroampii
1545 1549 1758 1627 conjectura:

349 1644 486 1744 vitiosis
507 1645 625 1736 magis
645 1647 836 1713 aestatibus
858 1651 882 1713 i.
905 1672 935 1715 e.
954 1652 1058 1716 solito
1081 1654 1299 1740 gravioribus
1321 1663 1424 1736 atque
1445 1652 1760 1738 pestilentioribus,

349 1773 418 1835 quo
441 1761 596 1840 tempore
613 1755 728 1818 morbi
745 1755 817 1820 fere
837 1755 1079 1842 ingravescunt
1086 1785 1097 1837 3
1119 1759 1305 1839 conjecerit
1324 1761 1467 1843 aliquis:
1485 1766 1627 1842 proeter
1646 1753 1759 1821 solito

348 1854 488 1925 vitiosis
509 1856 627 1948 magis
649 1856 839 1924 aestatibus
858 1880 1001 1943 eamque
1022 1865 1255 1942 conjecturam
1285 1885 1327 1929 eo
1355 1865 1552 1948 confirmet,
1576 1864 1671 1946 quod
1698 1863 1760 1922 Sa-

347 1963 471 2027 lustius
490 1965 569 2027 aliis
590 1985 733 2047 quoque
750 1966 837 2030 locis
855 1974 995 2052 proeter
1013 1968 1170 2032 adverllii
1185 1969 1263 2032 loco
1284 1971 1457 2055 posuerit,
1475 1973 1536 2033 sed
1557 1989 1629 2031 non
1648 1966 1763 2030 solum

348 2087 390 2131 eo
411 2071 599 2133 verborum
625 2079 794 2136 structura
819 2073 1023 2154 impeditior
1054 2073 1110 2157 fit,
1141 2077 1200 2137 sed
1221 2074 1410 2150 etiamvhis
1438 2095 1510 2136 non
1539 2078 1583 2132 ad
1604 2071 1761 2133 consules

351 2174 411 2234 sed
429 2176 474 2232 ad
494 2175 675 2234 Metellum
688 2184 790 2253 atquc
807 2177 1027 2256 Pompejum‚
1048 2183 1150 2256 atque
1167 2196 1308 2238 omnem
1318 2173 1549 2257 provinciam
1571 2174 1614 2234 ad
1637 2171 1761 2254 Hispa-

349 2275 446 2338 niam
462 2276 683 2339 referendum
706 2284 810 2360 esset,
825 2264 870 2339 ¹in
895 2296 964 2357 qua
984 2281 1087 2343 duces
1106 2282 1282 2344 Romanos
1297 2299 1339 2343 eo
1358 2289 1512 2363 tempore
1532 2277 1654 2363 s'aepius
1668 2275 1762 2339 farne
1829 2351 1834 2358 ι

352 2381 541 2462 lahorasse,
563 2399 666 2462 supra
684 2387 913 2442 memoratum
936 2383 1125 2444 est.‘-13.-
1144 2380 1204 2448 Hi
1218 2380 1376 2447 saltibus
1395 2379 1585 2466 occupatis
1605 2390 1683 2445 tum
1704 2401 1764 2444 ex-

352 2467 549 2550 ternorum
570 2501 683 2569 agrae
703 2478 865 2544 invasere
873 2473 1133 2567 frumentique
1159 2481 1333 2570 engrati
1359 2481 1487 2565 inopia
1510 2483 1627 2549 satias
1636 2480 1764 2574 saeta.

349 2592 391 2652 ln
411 2595 526 2652 vetere
542 2585 660 2648 codice
677 2584 785 2648 Nonii
796 2593 847 2648 est
866 2581 905 2646 in
928 2579 1084 2646 saltibus
1102 2593 1320 2668 occupatus,
1341 2588 1380 2649 in
1395 2587 1568 2651 Juniano:
1590 2611 1635 2652 ac
1656 2585 1764 2652 salti-
1883 2591 1886 2595 ’

352 2694 417 2756 buc
442 2687 634 2774 occupatis
653 2697 785 2752 tamen.
807 2689 846 2750 in
866 2688 936 2751 alio
954 2688 1058 2751 etiam
1075 2695 1228 2752 vetusto:
1251 2687 1463 2754 insultibus
1479 2687 1671 2774 occupatis
1685 2697 1765 2754 tum

351 2835 393 2852 -
418 2819 463 2860 ea:
486 2799 522 2857 b.
541 2796 567 2856 1.
588 2803 627 2858 ut
648 2795 770 2878 saepius
785 2800 874 2875 post
893 2792 1083 2878 significat,
1104 2801 1145 2854 ut
1164 2793 1202 2856 in
1221 2785 1415 2858 innumeris
1437 2796 1659 2858 dictionibus.
1687 2809 1775 2869 ...scr-¹

353 2899 428 2966 tius
446 2920 575 2964 nomen
595 2919 659 2985 pro
681 2895 837 2982 satietas
867 2900 1036 2982 adprobat
1059 2898 1190 2964 Charis.
1210 2921 1245 2982 p.
1269 2903 1320 2974 43.
1343 2897 1403 2961 cfr.
1423 2899 1640 2984 Hegesippus
1661 2922 1688 2961 1.
1707 2902 1766 2963 18:

353 3026 457 3091 opera
482 3006 555 3085 ejus
571 3025 613 3070 ex
633 3004 828 3089 indigentia
851 3005 949 3089 gravi
979 3004 1145 3069 frumenti
1174 3005 1311 3069 satietas
1337 2989 1436 3067 facta.
1457 3004 1623 3088 Agnoscit
1645 3001 1766 3066 Livius

353 3107 486 3178 XXVII.
509 3131 583 3195 cap.
609 3111 722 3173 XLIX.
750 3109 908 3176 Victores
929 3111 1104 3196 sanguinis
1130 3112 1274 3175 caedisve
1298 3118 1431 3193 ceperat
1450 3104 1578 3172 satias.
1600 3107 1665 3171 ubi
1685 3107 1766 3172 vide

355 3237 431 3298 quae
451 3224 627 3279 notantur.
647 3217 735 3278 Item
748 3205 855 3276 Silius
872 3215 930 3278 IV.
949 3234 1027 3276 aro:
1046 3235 1110 3278 nec
1124 3216 1205 3278 finis
1226 3214 1386 3300 satiasve,
1407 3215 1491 3279 novi
1508 3217 1568 3277 sed
1586 3213 1766 3299 sanguinis

355 3324 460 3384 ardor
479 3320 703 3404 gliscebat-
727 3324 760 3380 et
779 3317 833 3379 ibi
855 3320 1029 3402 Interpp.»
1052 3322 1145 3382 cort.
1166 3320 1257 3405 Lips.
1274 3317 1379 3404 Epist.
1403 3322 1461 3384 IV.
1485 3334 1544 3394 141
1566 3302 1763 3383 emendavit

355 3425 554 3512 ingeniose:
580 3411 640 3488 Hi
658 3419 815 3486 saltibus
845 3419 1037 3505 occupatis
1064 3421 1374 3488 Termestinorum
1400 3445 1513 3513 agros
1530 3422 1700 3488 invasere.
1723 3425 1766 3485 de
1871 3471 1872 3476 1

356 3550 424 3613 qua
444 3530 657 3613 conjectura,
678 3529 833 3610 quamvis
855 3528 1055 3613 ingeniosa,
1076 3529 1212 3592 Carrio:
1233 3529 1368 3605 ..babeo
1387 3532 1483 3611 quod
1503 3526 1651 3612 fugiam,
1671 3529 1767 3607 quod

357 3655 498 3719 sequar,
516 3655 588 3699 non
606 3637 752 3698 habeo.»
772 3635 940 3700 caeterum
963 3633 1196 3698 Termestinos
1213 3654 1233 3696 a
1249 3637 1290 3718 Q.
1304 3634 1469 3718 Pompejo
1488 3632 1628 3696 consule
1646 3631 1767 3698 subac-

357 3747 412 3804 tos
435 3741 540 3804 tradit
559 3741 632 3805 Liv.
652 3740 741 3824 Epit.
766 3742 851 3807 LIV.
879 3743 940 3804 sed
967 3761 1045 3804 eum
1069 3733 1193 3806 iisdem
1218 3742 1394 3804 consulem
1413 3759 1533 3823 pacem
1553 3735 1769 3823 ignuminio-

358 3854 431 3909 sam
456 3847 502 3912 ab
534 3845 736 3908 infirmitate
759 3843 890 3908 fecisse.
917 3847 1083 3910 Praeterea
1109 3849 1147 3907 L.
1176 3845 1338 3910 Pisonem
1360 3854 1538 3930 praetorem
1569 3843 1608 3906 in
1642 3842 1769 3908 itinere

234 3959 240 3966 “
348 3952 519 4012 'adortum
536 3957 702 4036 agrestem
720 3953 894 4031 quendam
909 3947 1063 4015 nationis
1074 3951 1296 4026 Termestinae
1312 3951 1523 4014 interfecisse
1537 3949 1676 4013 Tacitus
1690 3969 1771 4010 auc-

358 4061 414 4117 tor
431 4062 481 4118 est
497 4054 585 4118 Ann.
595 4069 625 4131 4.
637 4056 694 4132 45:
717 4075 788 4136 qua
806 4055 845 4119 in
861 4075 899 4122 re
919 4056 1087 4121 ridiculus
1097 4058 1276 4122 Debrossii
1292 4076 1389 4120 error
1399 4059 1585 4132 notandus,
1599 4054 1661 4135 qui
1675 4055 1769 4128 bunc

360 4159 521 4225 Pisonem
541 4181 620 4225 cum
644 4160 800 4224 Catilinae
824 4159 918 4225 socio
944 4166 1092 4230 eundem
1116 4181 1188 4226 esse
1207 4163 1368 4246 opinatus
1385 4169 1444 4223 est.
1466 4159 1526 4224 cfr.
1551 4158 1642 4222 Hist.
1667 4161 1708 4220 R.
1725 4159 1768 4218 R.

360 4265 466 4334 LIII.
480 4289 530 4353 77.
551 4287 629 4332 cum
642 4265 752 4352 spatio
769 4265 943 4360 octoginta
955 4267 1065 4334 ferme
1077 4285 1250 4330 annorum
1266 4264 1482 4328 intersesint
1502 4263 1673 4342 disjuncti.
1691 4263 1769 4328 lam

1425 4391 1468 4449 12
