4282 5390
424 663 644 729 Mithridates
662 664 797 749 ingenti
816 669 981 749 apparatu
1002 663 1093 730 iacto
1113 685 1307 752 magnoque
1330 667 1481 732 exercitu
1498 677 1616 736 coacto
1631 671 1753 760 Bithy-

343 767 438 833 niam
450 770 602 847 invadit,
613 790 681 852 qua
692 778 858 853 occupata
868 772 914 832 M.
923 771 1103 834 Aurelium
1116 773 1248 834 Cottam
1260 777 1326 834 Cos.
1335 776 1379 835 ad
1393 775 1646 843 Chalcedonam
1654 780 1750 844 vicit.

345 873 406 937 cir.
419 877 504 958 App.
522 877 612 938 deb.
628 877 674 938 M.
690 897 718 938 c.
729 879 859 957 69-71.
873 876 940 939 Sed
954 879 992 937 1.
1009 875 1163 940 Licinius
1173 863 1336 940 Lucullus
1350 879 1425 944 Cos.
1434 885 1653 961 equestribus
1663 905 1753 970 prce-

341 978 405 1044 liis
417 983 576 1043 adversus
592 980 828 1044 Mithridatem
838 979 986 1043 feliciter
995 982 1178 1066 pugnavit,
1195 983 1431 1067 expeditiones
1441 986 1575 1067 aliquot
1586 1010 1749 1074 prospere

316 1083 442 1168 ,fecta
461 1094 706 1168 poscentesque
724 1102 877 1170 pugnam
893 1085 1021 1149 milites
1037 1105 1058 1147 a
1077 1087 1247 1151 seditione
1263 1087 1427 1151 inhibuit.
1442 1091 1516 1153 Liv.
1531 1091 1620 1176 Epit.
1632 1095 1749 1162 XCIII.

341 1191 453 1266 XGW·
466 1191 647 1268 Dejotarus
657 1189 834 1275 prefectos
846 1188 1060 1252 Mithridatis
1066 1190 1199 1270 bellum
1207 1191 1246 1252 in
1261 1193 1414 1285 Phrygia
1425 1204 1601 1260 moventes
1614 1199 1747 1266 cecidit.

340 1295 414 1361 Liv.
428 1295 452 1358 l.
466 1297 491 1362 l.
513 1298 603 1376 Tum
619 1297 720 1372 totius
733 1296 820 1360 belli
835 1295 983 1379 impetus
996 1297 1041 1357 ad
1056 1296 1303 1378 Cyzicenorum
1314 1299 1439 1361 urbem*
1452 1301 1624 1376 constitit,
1645 1323 1751 1386 quam

341 1399 560 1472 Mithridates
581 1389 714 1464 summa
737 1402 774 1465 vi
801 1400 1029 1485 oppugnavit,
1051 1401 1206 1466 obsessus
1224 1408 1258 1464 et
1280 1401 1358 1485 ipse‘
1371 1411 1405 1466 et
1429 1415 1620 1470 commeatu
1643 1408 1752 1472 inter-
1841 1411 1848 1466 s

341 1506 455 1568 clusus
478 1526 497 1566 a
516 1506 675 1574 Lucullo.
689 1505 741 1589 ⁶),
1641 1566 1646 1574 .
1718 1497 1727 1512 ⁹

316 1685 324 1696 .
420 1613 461 1674 In
479 1611 573 1675 Urbe
594 1631 726 1681 summa
741 1628 889 1675 annona
906 1607 1047 1693 caritas,
1069 1630 1148 1671 oum
1169 1617 1202 1672 et
1216 1610 1423 1674 commercia
1442 1611 1632 1696 piratarum
1645 1615 1752 1681 latro·

340 1715 443 1780 ciniis
460 1718 604 1800 sublata,
622 1725 656 1781 et
668 1699 762 1780 mare
780 1718 1052 1800 praedationibus
1068 1718 1267 1784 infestatum
1282 1729 1378 1786 esset.
1395 1720 1486 1782 Flor.
1502 1723 1563 1783 III.
1579 1723 1609 1787 6.
1632 1727 1751 1802 Itaque

338 1821 395 1886 lex
413 1817 575 1886 Terentia
597 1831 631 1886 et
646 1823 760 1887 Cassia
782 1823 1006 1887 frumentaria
1026 1824 1102 1886 lata
1135 1825 1204 1891 Cio.
1225 1817 1434 1912 in'Verrem
1456 1826 1512 1886 111.
1534 1833 1583 1906 7‘0.
1606 1825 1751 1891 (1.1.ὶοί-

339 1926 419 1990 nius
446 1929 578 2005 Macer,
608 1936 648 1988 tr.
665 1928 711 2010 pl.
735 1928 845 1991 irritis
876 1929 1026 2022 aliorum
1058 1929 1190 1993 conatis
1215 1948 1287 1991 non
1308 1929 1507 2013 deterritus,
1535 1929 1750 1992 turbulentas

338 2032 524 2096 conciones
537 2036 580 2095 de
597 2034 809 2108 restituenda
827 2033 1015 2094 tribunicia
1033 2042 1200 2116 potestate
1214 2027 1353 2116 hahuit,
1374 2036 1434 2095 sed
1456 2033 1586 2096 callido
1603 2033 1748 2118 consilio
1861 2065 1864 2072 ·

267 2194 274 2202 ,
336 2136 570 2198 senatus'tota
589 2153 642 2196 res
662 2139 706 2194 ad.
725 2134 882 2215 Pompeji
899 2136 1051 2197 reditum
1073 2137 1200 2212 rejecta
1222 2144 1283 2199 est.
1305 2133 1366 2194 cir.
1385 2137 1453 2197 Sal.
1475 2135 1596 2217 fragm.
1620 2138 1676 2196 III.
1698 2153 1747 2202 aa.
1792 2142 1797 2151 “

322 2399 414 2464 Lib.
431 2401 489 2463 Vl.
512 2422 539 2459 1.
560 2398 711 2470 «Octavo
728 2396 868 2455 demum
889 2413 982 2463 anno
997 2395 1198 2476 (Sertorius)
1218 2400 1323 2458 asnis
1344 2401 1476 2464 occisus
1501 2410 1551 2466 est
1572 2411 1605 2467 et
1622 2404 1700 2468 finis
1714 2404 1749 2470 ei

336 2505 433 2570 bello
453 2505 551 2566 datus
567 2521 630 2585 per
640 2502 700 2560 Cn.
713 2498 915 2582 Pompejum
930 2499 1184 2564 adolescentem
1203 2507 1236 2561 et
1253 2501 1293 2583 Q.
1311 2502 1491 2564 Metellum
1500 2503 1624 2567 Pium:
1644 2517 1748 2590 atque
1844 2555 1852 2578 ,

338 2628 457 2674 omnes
479 2627 587 2693 prope
609 2605 786 2690 Hispaniae
803 2605 841 2667 in
860 2603 1032 2667 ditionem
1048 2605 1172 2686 populi
1195 2605 1348 2670 Romani
1365 2608 1512 2676 redactae
1527 2616 1640 2672 sunt.»
1659 2612 1748 2676 Plin.
1827 2605 1830 2615 ’

337 2713 379 2778 st.
390 2719 430 2780 N.
440 2715 574 2796 v11.27,·
595 2711 799 2795 «Pompejus
810 2707 1009 2781 excitatisin
1026 2709 1193 2792 Pyrenaeo
1206 2709 1345 2791 tropaeis
1358 2710 1748 2795 oppidaDCCCLXle
1852 2733 1860 2738 ·

335 2821 383 2890 ab
404 2819 551 2902 Alpibus
573 2821 617 2892 ad
636 2818 722 2884 fines
739 2814 915 2900 Hispania
935 2814 1112 2884 ulterioris
1137 2813 1175 2875 in
1198 2815 1409 2878 deditionem
1433 2819 1572 2879 redacta
1592 2818 1747 2884 victoriae

324 2907 407 2988 ¹suar
426 2921 641 3005 adscripsit»
660 2923 728 2986 Sed
740 2923 814 2985 haec
834 2919 953 2982 omnia
971 2938 1064 2981 anno
1078 2926 1156 3003 post
1170 2907 1286 2986 Gellio
1309 2926 1343 2982 et
1362 2919 1511 2991 Lentulo
1532 2923 1622 2984 Coss.
1640 2930 1756 3007 gesta.¹
1786 2988 1790 2994 ,

287 3114 291 3120 ,
417 3051 456 3135 ⁹)
475 3051 576 3114 Livio
588 3057 727 3113 auctore
750 3048 837 3132 Epit.
854 3051 969 3116 XCIV.
990 3051 1089 3124 Cotta
1106 3055 1140 3110 et
1156 3047 1323 3110 Lucullus
1345 3050 1436 3128 Coss.
1455 3051 1500 3110 ad
1513 3047 1647 3112 bellum
1663 3072 1745 3135 pro-

337 3156 420 3222 fecti
440 3163 539 3230 sunt;
559 3157 654 3236 quod
680 3157 867 3218 admodum
887 3154 1080 3235 probabile.
1110 3152 1299 3214 Imminens
1322 3152 1418 3215 enim
1439 3153 1634 3238 periculum
1653 3177 1746 3222 non-

339 3263 409 3325 nisi
423 3259 644 3338 iestinatione
662 3257 859 3340 propulsari
875 3275 976 3338 posse
990 3256 1182 3324 videbatur.
1195 3259 1363 3320 Praeterea
1379 3257 1549 3340 privatam
1565 3260 1745 3325 belli'ma.

339 3363 481 3428 turandi
493 3381 627 3425 oausam
639 3361 799 3453 Lucullus
812 3361 936 3423 habuit
948 3367 1077 3422 metum
1086 3361 1242 3445 Pompeii
1251 3384 1261 3440 3
1271 3362 1402 3426 accedit
1418 3367 1513 3443 quod
1526 3365 1655 3448 Livius,
1664 3387 1743 3430 cum

338 3469 377 3532 in
399 3449 502 3548 hujus
522 3466 685 3548 temporis
702 3466 849 3529 historia
868 3465 1073 3538 illustranda
1088 3465 1305 3551 singulorum
1330 3482 1500 3532 annorum
1521 3490 1575 3533 res
1595 3470 1744 3554 singulis

337 3574 409 3638 fere
419 3572 520 3636 libris
529 3571 749 3651 enarraverit,
763 3572 878 3636 XCIII.
889 3570 984 3633 libro
998 3573 1103 3635 Cottae
1117 3573 1260 3656 cladem,
1275 3574 1435 3636 XCIVmo
1450 3574 1589 3635 Luculli
1600 3593 1744 3658 prospe·

332 3697 393 3742 m
409 3698 542 3762 pugnas
562 3679 723 3740 adversus
734 3675 970 3768 Mithridatem
991 3675 1157 3758 exposuit.
1180 3679 1280 3739 Cotta
1301 3677 1410 3762 igitur
1426 3677 1563 3760 Consul,
1576 3680 1660 3740 dum
1672 3681 1744 3742 Lu·

338 3782 450 3846 cullus
476 3782 516 3844 in
540 3779 778 3844 confirmando
800 3780 952 3843 exercitu
974 3788 1156 3862 occupatus
1181 3779 1266 3861 fuit,
1299 3781 1390 3845 male
1414 3801 1488 3845 rem
1506 3781 1619 3865 gessit.
1650 3783 1748 3847 Plut‘

337 3890 419 3950 Luc.
446 3889 475 3948 8.
493 3886 570 3949 init.
601 3888 702 3947 Anno
726 3892 864 3967 postero
889 3884 980 3947 levia
1001 3883 1123 3966 proelia
1142 3903 1163 3946 a
1188 3884 1335 3972 Lucullo
1358 3906 1437 3947 oum
1470 3905 1550 3968 rege
1579 3884 1689 3970 facta,
1707 3894 1744 3954 et

337 3991 476 4056 obsidio
498 3990 611 4074 Cyzici
633 3985 730 4052 urbis
749 3996 879 4074 coepta.
901 3988 961 4051 cfr.
981 3989 1054 4052 Iir.
1074 3989 1162 4072 Epit.
1180 3991 1293 4052 XCIII.
1317 3991 1428 4054 CXIV.
1448 3987 1595 4072 Appiari.
1621 3990 1740 4056 Mitnr.

314 4099 389 4178 '7¹⁰
410 4095 774 4178 72.P1ut.Lucu11.7.
795 4095 824 4158 8.
852 4094 920 4157 Sed
943 4097 1054 4176 nequ'e
1079 4094 1280 4177 Appianas,
1296 4112 1408 4173 neque
1434 4093 1637 4156 Plutarchus
1658 4093 1740 4157 satis

340 4208 493 4266 accurate
513 4209 669 4282 tempora
690 4198 919 4283 distinguunt.
951 4200 1087 4261 Mecum
1116 4195 1200 4258 facit
1219 4199 1371 4260 Andreas
1390 4197 1566 4274 Schottus,
1592 4197 1654 4277 qui
1671 4199 1739 4258 hoc

340 4306 417 4370 loco
434 4301 563 4394 Pigttt
580 4306 747 4371 Annales
760 4279 1186 4388 imperieotofflsupplevin
1204 4300 1285 4364 ride
1301 4301 1377 4364 Lib.
1394 4301 1480 4366 XVI.
1499 4322 1534 4381 p.
1555 4305 1625 4372 304.

1378 4413 1404 4496 t
