4334 5354
1645 471 1718 566 589

390 675 438 740 Fr.
463 676 491 756 r]
513 677 628 739 versum
648 674 779 756 primum
801 655 944 735 omissum
965 692 1025 736 esse
1045 673 1235 735 manifestum
1257 679 1318 747 est,
1337 671 1443 754 viginti
1463 671 1543 731 enirn
1564 687 1662 732 versus
1683 669 1717 732 in

309 781 419 863 pagina
439 781 528 841 fuisse
555 779 685 842 dubitari
713 799 776 840 nou
797 791 901 860 potest
921 783 975 840 lin.
999 779 1114 861 2.]'Kr.
1136 780 1169 840 in
1189 781 1251 841 line
1271 776 1397 860 syllabas
1417 774 1468 839 vl
1487 773 1529 827 '-
1550 771 1631 850 Qtttt
1653 793 1716 838 non
1738 801 1758 852 '.

308 881 407 946 babet.
429 887 485 946 lin.
508 885 539 965 3]
559 884 613 945 sub
634 886 690 946 fin.
710 883 763 944 Kr.
784 883 913 946 MRNSU
932 887 988 947 lin.
1012 885 1041 958 4.
1063 885 1104 966 5.]
1133 896 1210 947 recte
1229 883 1268 944 K.
1287 881 1350 944 hac
1369 880 1522 964 jungenda
1541 891 1571 943 et
1591 881 1717 942 mucul
1837 960 1839 964 .

307 991 354 1052 vel
366 989 526 1052 erudelitas
546 991 705 1075 legendum
728 1011 789 1052 esse
810 992 937 1053 censuit.
958 993 1013 1051 lin.
1025 990 1068 1072 5.]
1089 993 1144 1052 fin.
1157 991 1195 1051 li.
1217 987 1354 1050 uultus
1375 1007 1466 1071 quare
1485 988 1536 1047 sub
1556 983 1716 1070 legendum

308 1097 439 1166 censuit,
475 1096 549 1177 quid
569 1098 689 1178 reliquis
710 1097 816 1158 litteris
835 1099 937 1168 fieret.
967 1097 1000 1157 iu
1027 1097 1127 1159 medio
1154 1096 1286 1178 reliquit.
1306 1097 1363 1156 liu.
1383 1095 1413 1154 6.
1436 1093 1477 1174 7.]
1508 1089 1570 1154 haec
1591 1103 1712 1173 quoque

306 1198 476 1282 jungenda:
489 1181 527 1260 ὀἱ
543 1201 674 1281 plerique
693 1205 740 1264 vel
757 1203 928 1282 plerumque
948 1204 1091 1286 scriptum
1111 1223 1170 1264 esse
1190 1203 1291 1264 statuit
1304 1201 1357 1266 Kr.
1379 1202 1434 1260 lin.
1456 1198 1498 1278 8.]
1520 1197 1572 1257 Kr.
1587 1194 1643 1256 ΕΑ.
1665 1196 1717 1256 sed

306 1314 335 1363 et
355 1305 417 1384 ipse
437 1304 493 1365 EM
513 1306 692 1370 emendavit.
712 1306 769 1368 lin.
790 1307 832 1386 9.]
864 1307 906 1368 ibi
923 1307 1005 1368 haud
1026 1307 1117 1370 dubie
1137 1306 1339 1373 scribendum.
1370 1305 1423 1367 Kr.
1444 1301 1590 1364 ODUPLI
1608 1303 1666 1365 lin.
1687 1324 1716 1384 9.

309 1429 356 1469 ro.
382 1409 441 1488 ιι]
463 1421 506 1470 est
526 1409 586 1472 hoe
604 1415 846 1496 supplementum
868 1412 1031 1497 Kreysigii3
1052 1415 1149 1494 Majus
1171 1416 1204 1474 in
1224 1416 1285 1474 fine
1305 1410 1396 1472 habet
1415 1407 1541 1470 DuUM.
1562 1407 1627 1470 NU.
1658 1408 1715 1466 lin.

309 1533 356 1578 rr.
375 1513 435 1592 rm]
457 1513 561 1575 Primo
581 1535 649 1577 cum
672 1518 750 1578 luce:
771 1519 812 1579 ita
832 1518 871 1579 ab
891 1519 1057 1604 Kreyssigio
1078 1521 1258 1582 restitutum.
1275 1519 1330 1579 liu.
1349 1515 1407 1597 13]
1431 1517 1538 1578 melius
1547 1513 1640 1574 Kr...
1661 1531 1716 1573 nos

305 1619 418 1682 edificis
440 1642 496 1702 pro
517 1622 651 1686 edificiis.
675 1623 731 1689 liu.
754 1624 906 1706 rd.-16.]
927 1627 1082 1714 ingequsa
1101 1627 1154 1692 Kr.
1176 1633 1345 1705 conjectura
1363 1621 1426 1684 haec
1446 1624 1487 1682 ita
1508 1623 1659 1704 suppleta:
1689 1626 1717 1677 et

303 1735 366 1786 tum
388 1737 507 1790 matura
527 1728 560 1788 c'n
580 1728 663 1808 agris
682 1739 769 1790 erant
788 1731 927 1792 autumni
935 1733 1127 1804 flumenta.”
1146 1733 1211 1804 ipse
1230 1732 1383 1805 scriptoris
1404 1727 1494 1791 verba
1511 1729 1649 1786 restituta
1670 1721 1719 1782 di-

302 1851 416 1910 cerem,
436 1836 494 1898 nisi
513 1839 624 1897 lucuua
646 1843 743 1913 major
763 1842 852 1904 essct,
874 1849 965 1909 quam
987 1849 1051 1909 quae
1069 1827 1165 1889 verbis
1185 1827 1325 1884 autumni
1333 1830 1494 1898 flumenta
1515 1829 1623 1903 expleri
1644 1845 1717 1904 pos-

299 1949 353 1996 set.
375 1959 466 2015 quare
486 1939 603 2016 aliquid
623 1935 760 1994 excidisse
779 1943 891 2004 statu03
910 1940 1039 1990 ceterum
1060 1927 1173 1989 dehac
1194 1927 1327 1988 dictione
1348 1928 1400 1991 cfr.
1422 1925 1530 2006 Porph.
1553 1926 1592 1986 ad
1612 1927 1716 1992 Horat.

301 2036 354 2114 Ep.
375 2037 415 2102 11.
440 2059 466 2096 ι.
489 2038 539 2108 lo.
561 2038 616 2096 liu.
641 2036 700 2117 17.]
730 2035 782 2094 Kr.
803 2033 955 2094 SEDINO.
977 2035 1032 2095 lin.
1058 2053 1104 2117 ¹7·
1130 2031 1189 2114 ru]
1217 2031 1311 2114 gauri
1329 2027 1411 2090 haud
1432 2028 1523 2090 dubie
1542 2029 1714 2114 legendum.

301 2140 357 2206 lin.
381 2137 441 2221 ιδ]
469 2139 523 2202 Kr.
543 2151 622 2202 recte
641 2160 698 2224 pro
718 2140 850 2224 genitivo
879 2141 958 2220 plur.
979 2140 1152 2222 superlativi
1172 2137 1288 2199 habuit.
1308 2139 1365 2200 lin.
1390 2138 1447 2220 1·9.]
1475 2135 1527 2197 Kr.
1546 2157 1608 2198 uua
1628 2139 1715 2199 litera

300 2245 416 2306 auctius
436 2244 532 2305 FUGI
552 2247 608 2307 fin.
631 2241 764 2306 Cutcntu
783 2266 823 2305 an
844 2245 965 2310 inventa
982 2247 1126 2336 primaria
1146 2247 1236 2310 lectio
1258 2247 1416 2307 incertum.
1437 2243 1493 2305 llu'.
1515 2243 1575 2326 au]
1603 2243 1630 2302 11
1649 2262 1713 2303 non

300 2349 391 2412 hebet
418 2353 472 2412 Kr.
501 2350 581 2414 idem
613 2351 647 2415 in
675 2356 738 2414 fine
761 2351 886 2414 ussuto.
915 2353 947 2412 id
978 2353 1059 2415 euim
1088 2354 1222 2416 solemne
1242 2354 1275 2413 in
1302 2351 1349 2411 his
1370 2349 1545 2438 fragmentis
1562 2350 1723 2432 scriptura.

298 2437 551 2544 compendium.

359 2567 409 2628 Fr.
422 2565 465 2646 a]
473 2564 566 2626 initio
574 2583 652 2626 unus
660 2583 757 2628 versus
771 2566 956 2638 excidit,l'1n.
971 2564 1012 2646 a]
1026 2563 1070 2626 NI
1079 2559 1188 2629 stlta.
1200 2562 1243 2644 3.]
1257 2567 1308 2627 fin.
1319 2563 1372 2630 Kr.
1384 2561 1421 2626 Ο.
1435 2563 1492 2624 lin.
1508 2559 1552 2646 8.]
1564 2556 1622 2622 srl
1631 2555 1713 2618 talu

298 2670 352 2733 lir.
366 2669 416 2730 scd
432 2675 460 2734 D
477 2677 696 2751 exconjectura
715 2670 841 2734 addidit.
853 2677 887 2734 in
903 2676 959 2735 fio.
975 2672 1027 2738 ΚΓ.
1043 2671 1105 2735 ΜΟ
1121 2673 1192 2752 (jam
1203 2690 1300 2733 secum
1311 2669 1404 2751 conj.)
1418 2671 1474 2736 liu.
1489 2667 1532 2749 9.]
1550 2667 1603 2726 Kr.
1622 2664 1712 2726 initio

297 2773 440 2850 QUlMc
453 2779 508 2838 fin.
528 2777 583 2836 UD
606 2787 694 2859 atque
714 2776 774 2839 hoc
794 2798 863 2838 cum
881 2789 1024 2864 sequente
1044 2779 1162 2833 lineola
1176 2785 1373 2846 mjuuetum
1395 2769 1480 2824 aluid
1500 2770 1593 2823 alten.
1613 2775 1714 2847 legen-

298 2879 370 2939 dum
392 2884 516 2938 censuit.
527 2883 584 2935 lin.
599 2881 658 2954 ιο]
677 2881 731 2934 fin.
744 2877 802 2930 lli.
822 2873 886 2928 SPE
900 2873 972 2947 (jam
994 2869 1094 2944 Cll'l)
1110 2871 1162 2926 lin.
1184 2867 1244 2944 ιι]
1263 2867 1446 2930 fluxerit
1465 2865 1517 2927 sed
1527 2870 1628 2950 etipse
1638 2889 1712 2950 pm.

297 2983 397 3042 &ntes
417 2979 596 3042 emendavit.
617 2977 672 3034 lin.
698 2972 756 3050 ιδ]
787 2972 840 3030 Kr.
861 2969 935 3028 Plu
954 2969 1005 3029 sed
1023 2976 1084 3046 jam
1104 2967 1365 3043 LAUDANTQUE
1385 2969 1564 3034 emendavit.
1584 2974 1638 3034 lin.
1663 2975 1711 3036 15.

300 3085 361 3162 ro]
381 3081 435 3140 ts,
456 3079 493 3139 tis
512 3082 559 3140 vel
580 3086 621 3136 tea
641 3073 801 3158 legendum
824 3075 939 3136 censuit
965 3072 1018 3132 Kr.
1047 3075 1163 3156 reliqua
1193 3084 1307 3156 partem
1334 3075 1418 3140 verbi
1439 3077 1573 3157 adfluere
1593 3076 1709 3144 habuit.

298 3187 355 3245 lin.
380 3183 428 3249 ro.
453 3183 514 3264 17.]
536 3179 604 3242 ΟΠ
624 3180 676 3239 Kr.
691 3190 721 3239 et
740 3176 802 3240 haec
823 3199 892 3243 cum
906 3178 1095 3261 sequentibus
1110 3187 1271 3262 conjuncta
1291 3183 1378 3266 legit:
1390 3185 1485 3260 firmo
1496 3185 1598 3262 fideus
1618 3183 1710 3248 auai-

299 3287 356 3348 lio”
377 3308 411 3348 ex
430 3287 502 3366 Maji
522 3283 616 3348 verbis
636 3286 737 3366 potius
757 3285 897 3368 colligas:
919 3285 1116 3366 Proxumus.
1138 3305 1210 3347 auu.
1224 3319 1266 3337 -
1285 3291 1342 3351 lia.
1362 3289 1484 3370 17.18.]
1502 3290 1609 3370 putriu
1629 3301 1707 3354 recte

298 3393 427 3455 restituit
446 3392 501 3458 Kr.
524 3390 612 3451 inune
632 3411 699 3473 pars
717 3390 854 3452 vocabuli
875 3391 1023 3454 inmensus
1042 3396 1089 3456 vel
1110 3384 1262 3454 inmeritus
1283 3413 1341 3456 esse
1359 3392 1486 3457 ridetur.
1506 3399 1563 3455 lin.
1582 3397 1631 3478 18]
1652 3399 1706 3459 fin.

296 3495 349 3556 Kr.
360 3495 444 3556 UMI.
454 3495 537 3557 bunc
558 3517 678 3578 quoque
698 3497 791 3557 finem
809 3499 982 3580 superlativi
1004 3518 1063 3559 esse
1076 3502 1234 3583 putareriu
1256 3497 1425 3560 miserruuu’
1439 3499 1574 3580 pbtmmi
1585 3503 1631 3564 vel
1646 3507 1706 3565 talo

298 3601 383 3683 quid.
403 3602 457 3665 lin.
480 3602 541 3683 ¹9·]
563 3603 760 3664 KasEfflw.
780 3599 899 3666 Servilii
916 3604 1011 3682 ducis,
1033 3617 1178 3686 quantum
1201 3604 1340 3687 equidem
1361 3607 1432 3680 seio,
1452 3608 1487 3665 in
1506 3605 1587 3667 bello
1607 3609 1705 3671 senili

297 3711 383 3768 nulla
402 3710 439 3768 fis
460 3709 593 3782 mentio,
612 3706 662 3769 sed
682 3711 770 3793 legati
788 3711 834 3772 vel
853 3711 981 3788 praelecti
1000 3731 1112 3772 nomen
1134 3713 1166 3772 in
1188 3722 1270 3772 tanta
1291 3710 1432 3775 brevitate
1458 3714 1636 3794 scriptorum
1658 3715 1705 3774 ia·

298 3815 354 3874 cile
374 3811 523 3874 obscurari
542 3813 652 3894 potuit.
673 3816 729 3875 lin.
755 3815 814 3899 19.]
836 3815 889 3884 fin.
909 3816 961 3876 Kr.
981 3815 1066 3877 IUM.
1088 3816 1225 3896 (tium
1246 3816 1555 3898 PuAEscffltvrtJtm

376 3917 426 3984 Fr.
443 3917 486 3999 3.]
508 3917 623 3980 Fotll.
645 3918 752 3981 dimid.
772 3922 836 3984 Lat.
855 3921 945 4004 prim.
966 3943 1034 4006 pag.
1055 3933 1145 3985 rectae.
1165 3921 1255 4006 apud.
1276 3922 1329 4014 Kr.
1349 3926 1383 3985 fr.
1405 3925 1434 3985 6.
1455 3935 1582 3986 ceterum
1605 3932 1701 3986 totum

295 4017 355 4084 hoe
375 4023 591 4106 fragmentum,
621 4026 647 4084 si
676 4028 816 4107 apaucis
843 4025 1006 4089 discesseris
1026 4035 1088 4108 jam
1109 4029 1287 4096 Garatorrlus
1307 4030 1382 4090 bene
1403 4031 1588 4107 emendarit,
1619 4037 1703 4112 cujus

296 4128 522 4210 explicationem
544 4150 582 4191 ne
596 4129 734 4192 Italicum
750 4131 870 4214 quidem
892 4133 1034 4218 editorem
1055 4134 1198 4212 laudasse,
1218 4157 1319 4222 nemo,
1338 4134 1437 4212 credo,
1452 4139 1480 4197 ei
1500 4136 1582 4198 laudi
1604 4135 1702 4198 ducet.

296 4232 352 4292 tin.
377 4233 418 4315 2.]
438 4233 488 4294 Kr.
508 4233 601 4296 coll.
622 4237 736 4318 reliqua
755 4239 826 4319 Maj.
847 4241 1005 4322 supplevit.
1024 4241 1079 4301 lin.
1102 4241 1144 4322 3.]
1165 4241 1273 4304 l'lMU.
1295 4243 1388 4302 UIDI.
1410 4286 1419 4302 .
1441 4283 1451 4302 .
1479 4241 1546 4302 MA.
1566 4242 1618 4302 Kr.
1640 4242 1701 4302 du·

296 4332 364 4397 bius
384 4339 430 4398 nil
450 4342 522 4402 certi
541 4343 652 4405 statuit.
665 4344 721 4404 lin.
733 4342 776 4424 4.]
797 4343 854 4406 Kr.
868 4343 1039 4409 motta.
1059 4345 1162 4410 sedet
1182 4350 1245 4430 ipse
1266 4345 1456 4413 locurum
1478 4345 1592 4409 latura
1609 4343 1700 4409 scribi
