4526 5326
597 489 667 556 502

603 703 606 712 ’
637 685 788 743 mumest
800 679 843 740 ib.
856 671 1025 739 celitur-ia
1036 670 1172 738 armai.
1187 677 1252 736 roi.
1262 671 1382 736 velites
1392 675 1536 746 travalle
1546 679 1579 736 et
1589 691 1726 738 censere
1736 677 1767 737 J.
1783 697 1996 748 anmaxume

641 787 764 847 vellem
789 783 832 844 H.
853 785 878 844 I.
902 803 949 862 19.
969 788 1078 843 ratam
1098 799 1216 860 pacem
1235 787 1351 844 J.112.
1372 777 1498 841 vellem
1518 797 1606 842 vana
1626 778 1742 843 forent
1760 782 1876 864 potius
1898 803 1947 862 ι4.

600 879 774 951 Venalem
812 887 932 948 urbem
969 890 1018 948 85.
1048 882 1242 967 respublica
1269 880 1336 944 fuit
1371 883 1468 946 domi
1494 883 1698 964 militiaeque
1732 891 1783 948 31.
1815 907 1930 952 rerum
1964 909 1997 956 v.

634 991 749 1052 forum
777 1008 825 1069 47.
856 988 974 1052 omnia
1000 1010 1032 1050 v.
1060 990 1188 1050 habere
1216 984 1253 1047 C.
1283 1005 1327 1050 ιο.
1356 985 1487 1049 venari
1511 987 1635 1050 servile
1664 985 1816 1053 officium
1848 1013 1886 1070 4.·
1913 1015 1996 1060 ven.

640 1099 722 1158 dere
751 1081 894 1158 honesta
925 1102 1027 1172 etque
1058 1092 1241 1154 inhonesta
1265 1097 1317 1154 30.
1337 1085 1483 1153 uenenis
1502 1089 1603 1154 malis
1622 1091 1755 1156 imbuta
1783 1115 1836 1184 ιι.
1861 1117 1995 1164 veneno

632 1199 939 1278 interiecta‘matre
971 1200 1014 1259 H.
1038 1196 1104 1259 inc.
1130 1215 1199 1257 ιοι.
1228 1190 1350 1259 uenire
1376 1195 1416 1262 in
1442 1214 1564 1260 manus
1583 1207 1615 1262 J.
1640 1218 1705 1266 ιοι.
1740 1219 1827 1284 resp.
1856 1201 1895 1266 in
1925 1225 1996 1268 ma-

631 1323 734 1370 xuma
753 1304 907 1386 pericula
928 1304 963 1370 G.
986 1305 1035 1364 52.
1057 1303 1101 1363 ad
1121 1319 1157 1363 se
1177 1299 1330 1364 occultus
1349 1300 1467 1364 veniat
1484 1311 1516 1366 J.
1537 1305 1586 1365 61.
1607 1303 1645 1365 in
1665 1305 1772 1368 eedem
1793 1308 1994 1374 concordia

632 1413 668 1472 G.
691 1415 740 1486 46.
762 1418 800 1469 ut
820 1407 962 1470 Metello
982 1407 1020 1468 in
1040 1425 1158 1490 sagum
1180 1406 1248 1468 tela
1267 1405 1425 1469 venirent
1446 1408 1490 1470 H.
1510 1409 1553 1469 ll.
1576 1409 1627 1482 48.
1647 1427 1688 1471 ex
1707 1408 1838 1472 invidia
1858 1411 1908 1482 in
1917 1431 1994 1497 gra-

631 1513 713 1576 tiam
730 1521 762 1575 et
776 1513 926 1576 favorem
943 1523 974 1578 J.
994 1515 1040 1574 13.
1060 1511 1099 1573 in
1120 1510 1335 1591 colloquium
1354 1529 1420 1572 ur.
1442 1519 1562 1594 contra
1582 1511 1757 1595 inceptum
1782 1515 1830 1582 2⁵.
1851 1533 1892 1578 eo
1911 1536 1995 1580 ven·

630 1625 703 1680 tum
726 1627 790 1692 est,
819 1619 912 1678 unde
934 1629 968 1682 c.
990 1619 1039 1678 60.
1061 1615 1179 1679 venire
1200 1615 1330 1677 auxilio
1351 1615 1421 1677 suis
1440 1625 1473 1681 J.
1494 1619 1543 1680 58.
1564 1617 1615 1682 8ι.
1637 1617 1782 1680 navibus
1801 1619 1840 1681 in
1860 1639 1918 1683 eos
1937 1622 1993 1684 lo-

630 1742 688 1784 cos
709 1724 757 1800 78.
785 1721 903 1784 venire
924 1720 1104 1800 quaesitum
1130 1741 1196 1798 ¹09·
1225 1719 1339 1801 ipsum
1350 1719 1513 1782 deditum
1535 1721 1654 1784 venite
1677 1723 1726 1789 28.
1754 1743 1808 1786 res
1833 1725 1929 1790 venit
1947 1729 1992 1790 ad

629 1834 801 1888 certamen
825 1831 870 1887 ι8.
899 1827 942 1886 ad
972 1837 1104 1906 tempus
1131 1841 1202 1885 non
1231 1823 1351 1886 venire
1382 1842 1441 1906 70.=
1461 1831 1670 1888 maturantes
1687 1847 1718 1886 r.
1738 1827 1778 1889 in
1801 1845 1851 1889 aa.
1873 1826 1992 1894 renim

629 1931 653 1992 i.
675 1949 703 1994 e.
731 1929 867 1993 evenire
891 1932 958 1991 103.
979 1942 1009 2002 4.
1032 1930 1082 1989 5ι.
1109 1923 1231 1990 ventri
1249 1927 1386 1990 deditus
1408 1939 1444 1994 c.
1469 1949 1494 1990 ι.
1518 1951 1546 1990 2.
1574 1938 1607 1994 J.
1628 1929 1677 1990 85.
1705 1949 1830 1993 renum
1858 1931 1911 1996 ire
1940 1935 1992 1998 28.

597 2035 718 2098 Verba
747 2053 826 2097 cum
859 2053 929 2114 quo
951 2033 1078 2097 habere
1100 2053 1129 2112 9.
1154 2031 1270 2096 verbis
1297 2034 1334 2099 P.
1356 2035 1395 2094 R.
1424 2031 1659 2096 nunciarem.
1686 2031 1802 2098 verbis
1820 2069 1862 2086 ·-
1880 2055 1919 2099 re
1939 2038 1990 2109 48.
2032 2111 2038 2122 ἱ

627 2160 660 2201 v.
676 2138 916 2216 hujuscemodi
933 2136 1031 2218 loqui
1044 2147 1080 2202 c.
1096 2141 1145 2200 50.
1157 2137 1266 2199 multa
1279 2137 1316 2200 in
1328 2139 1395 2200 hoc
1406 2137 1529 2201 ordine
1541 2137 1609 2200 feci
1621 2141 1670 2201 5ι.
1682 2137 1721 2200 in
1732 2139 1909 2220 colloquio
1919 2155 1950 2206 v.
1964 2139 1988 2204 f.

623 2255 656 2309 J.
676 2244 725 2305 58.
753 2243 838 2306 viris
857 2242 1019 2305 virtutem
1042 2261 1113 2304 non
1135 2245 1266 2304 addunt
1288 2253 1322 2308 c.
1348 2245 1397 2306 58.
1427 2263 1461 2304 v.
1481 2241 1618 2305 inimici
1639 2251 1719 2304 ante
1740 2242 1828 2306 facta
1848 2265 1908 2308 sua
1927 2261 1990 2330 po·

626 2367 707 2412 nera
726 2357 758 2416 J.
784 2353 831 2412 ι5.
866 2346 1126 2432 composita85.
1160 2348 1322 2410 mandata
1348 2346 1465 2410 verbis
1486 2348 1545 2409 dat
1573 2357 1608 2412 c.
1629 2349 1679 2424 44.
1711 2356 1847 2413 senatus
1875 2351 1990 2416 verbis

624 2453 792 2516 nunciant
810 2465 842 2518 J.
860 2476 908 2514 ιι.
930 2453 1040 2516 senati
1060 2452 1175 2515 verbis
1196 2455 1245 2512 25.
1266 2471 1343 2532 quae
1363 2451 1603 2528 hujuscemodi
1623 2452 1737 2516 verbis
1757 2454 1919 2519 disseruit
1938 2461 1987 2521 8ο.

622 2555 737 2621 verbis
757 2576 851 2620 arma
875 2565 1005 2624 tentare
1024 2559 1069 2620 H.
1091 2559 1118 2619 I.
1141 2577 1187 2635 ¹9·
1216 2554 1419 2636 liberalibus
1437 2555 1552 2619 verbis
1573 2557 1757 2639 per-mulcti
1789 2559 1833 2620 H.
1851 2560 1911 2619 111.
1934 2562 1983 2634 45.

623 2661 729 2722 verbo
750 2662 915 2722 adsentiri
938 2673 972 2724 c.
996 2663 1043 2722 52.
1073 2663 1258 2723 verborum
1278 2661 1359 2724 satis
1381 2660 1511 2724 dietum
1532 2668 1583 2725 est
1602 2661 1645 2725 H.
1668 2665 1727 2726 III.
1751 2679 1799 2725 aa.
1821 2663 1888 2726 hoe
1906 2680 1985 2729 ver-

622 2761 706 2823 bum
726 2760 765 2824 in
784 2771 901 2845 pectus
922 2761 1100 2846 iugurthae
1121 2764 1225 2824 altius
1246 2766 1423 2828 deseendit
1435 2777 1467 2832 J.
1486 2788 1532 2828 ιι.
1554 2764 1757 2831 verberibus
1776 2768 1984 2832 animadver.

622 2875 694 2930 tere
717 2877 751 2950 c.
775 2872 823 2930 5ι.
846 2866 1104 2929 verberabatur
1123 2873 1213 2931 malo
1235 2871 1444 2950 dependens·
1458 2873 1501 2933 H.
1521 2873 1578 2933 1v.
1601 2877 1648 2950 ³7·
1682 2889 1804 2934 vereor
1822 2873 1888 2932 boc
1909 2889 1990 2934 non

621 2971 658 3056 in
680 2974 727 3034 M.
747 2971 865 3034 Tullio
887 2981 923 3037 c.
948 2973 996 3032 50.
1019 2979 1151 3032 tantum
1173 2971 1264 3035 illud
1282 2995 1315 3042 r.
1338 2995 1381 3037 ne
1402 2995 1489 3056 quos
1511 2984 1574 3040 etc.
1594 2983 1627 3042 J.
1653 2977 1700 3049 ι4.

588 3078 627 3140 V
622 3095 749 3164 ergene
769 3079 813 3138 ad
834 3075 987 3138 Siciliam
1009 3077 1053 3138 H.
1074 3075 1131 3140 IV.
1154 3077 1204 3138 58.
1227 3097 1313 3161 ,vero
1331 3078 1389 3141 via
1412 3078 1478 3140 niti
1498 3083 1532 3142 C.
1557 3101 1605 3143 ιι.
1632 3101 1661 3142 v.
1681 3077 1827 3164 gloriam
1848 3079 1982 3158 injuste

621 3180 784 3262 potentia
804 3189 1011 3262 anteponere
1031 3192 1063 3247 J.
1080 3183 1129 3253 lt.
1150 3202 1181 3242 r.
1205 3203 1340 3246 mecum
1371 3201 1553 3268 cognoscas
1583 3196 1619 3249 c.
1641 3185 1690 3261 55.
1717 3204 1750 3245 v.
1780 3203 1894 3247 rerum
1923 3205 1983 3248 vo-

621 3283 745 3346 cabula
759 3291 807 3349 52.
829 3284 858 3348 si
877 3307 909 3347 r.
931 3294 1108 3349 aestumare
1127 3286 1222 3349 voles
1243 3287 1288 3350 H.
1309 3289 1365 3352 IV.
1391 3301 1434 3348 ru.
1461 3309 1493 3350 v.
1515 3288 1624 3350 clares
1643 3297 1675 3353 J.
1701 3305 1747 3349 ra.
1769 3289 1983 3354 deditionem

620 3387 791 3467 faeere46.
813 3390 966 3456 insolens
986 3411 1015 3451 v.
1037 3389 1234 3472 accipiundi
1255 3391 1298 3452 H.
1318 3390 1386 3452 inc.
1407 3397 1458 3468 45.
1479 3389 1602 3474 peritia
1623 3397 1657 3450 et
1675 3410 1708 3450 r.
1731 3389 1912 3474 ingenium
1933 3395 1978 3456 H.

572 3505 577 3527 '
617 3498 643 3556 Ι.
666 3502 714 3574 73.
745 3516 777 3568 r.
800 3494 945 3558 consilia
974 3494 1042 3557 inc.
1069 3515 1114 3576 ¹7·
1145 3495 1228 3558 dolo
1250 3493 1396 3556 an‘vere
1422 3504 1454 3560 J.
1479 3484 1548 3559 'ua
1579 3513 1620 3555 ex
1638 3494 1663 3554 l.
1684 3492 1793 3578 magis
1813 3514 1917 3575 quam
1939 3517 1981 3561 er

616 3620 697 3666 vero
719 3599 966 3667 celebratote
987 3607 1078 3664 vero'
1089 3599 1239 3684 pretium
1261 3608 1319 3661 aut
1337 3597 1484 3682 gratiam
1504 3594 1715 3661 anteferebat
1735 3608 1769 3665 J.
1788 3601 1835 3668 ιθ.
1856 3619 1878 3661 a
1897 3619 1979 3666 veno

617 3705 780 3788 bonoque
801 3707 970 3789 impedire
992 3709 1041 3769 30.
1070 3726 1152 3770 vero
1182 3703 1332 3788 amplior
1358 3721 1522 3765 numerus
1553 3707 1618 3768 ιο5.
1650 3703 1703 3766 uti
1722 3705 1841 3787 paucis
1859 3724 1979 3781 rerum

620 3809 794 3874 absolvam
816 3823 851 3878 c.
873 3813 922 3874 88.
945 3831 1056 3890 neque
1074 3831 1159 3874 vero
1183 3814 1215 3884 i.
1243 3809 1302 3872 sed
1323 3799 1455 3870 urbana
1474 3807 1609 3891 plebes,
1634 3829 1674 3874 ea
1693 3831 1779 3874 vero
1797 3815 1848 3890 ³7·
1881 3813 1980 3902 quasi

617 3933 699 3976 vero
717 3923 763 3978 52.
786 3917 857 3978 imo
878 3934 958 3978 vero
981 3935 1137 3978 maxume
1157 3914 1205 3978 ib.
1226 3933 1318 3976 nunc
1337 3928 1421 3977 veto
1444 3914 1493 3977 58.
1514 3925 1547 3980 J.
1572 3930 1619 3989 ι4.
1640 3935 1681 3980 ea
1701 3935 1783 3980 vero
1804 3918 1979 3983 dementia

619 4024 669 4078 est
699 4027 734 4082 c.
759 4021 807 4078 58.
843 4029 914 4079 tum
944 4039 1026 4082 vero
1047 4039 1202 4082 cerneres
1232 4021 1334 4085 61.J.
1358 4019 1407 4097 84.
1434 4041 1501 4100 ¹07·
1532 4021 1584 4084 ibi
1611 4040 1693 4084 vero
1715 4033 1751 4086 c.
1776 4023 1827 4083 58.
1858 4043 1976 4086 verum

619 4119 710 4184 enim
733 4139 813 4184 vero
836 4143 864 4183 2.
885 4141 1005 4184 verum
1026 4123 1048 4183 i.
1071 4142 1099 4186 e.
1122 4143 1256 4204 aequum
1279 4125 1329 4186 55.
1350 4125 1393 4208 H.
1415 4127 1443 4187 1.
1466 4147 1511 4205 19·
1533 4121 1671 4189 versari
1688 4143 1822 4209 semper
1841 4125 1878 4185 in
1897 4141 1977 4185 sane

592 4305 596 4310 Ι
617 4223 723 4311 guine
743 4234 776 4291 J.
800 4241 846 4299 ι4.
868 4225 906 4288 in
927 4225 999 4290 acie
1019 4223 1132 4310 prima
1154 4238 1189 4295 c.
1212 4231 1261 4290 60.
1281 4225 1449 4292 uescendi
1466 4247 1567 4300 cause
1588 4222 1707 4292 omnia
1728 4228 1904 4308 exquirere
1928 4231 1976 4293 ι5.

552 4323 565 4334 ’
617 4347 718 4408 carne
731 4329 841 4408 lerina
854 4329 952 4418 vesci
959 4343 992 4398 J.
1006 4333 1055 4426 8¹9.
1077 4351 1197 4414 vesper
1216 4331 1274 4408 die
1294 4341 1366 4400 erat
1380 4333 1429 4395 ia.
1447 4337 1514 4402 106.
1535 4329 1681 4434 vestigii
1697 4331 1845 4401 hnmani
1863 4330 1976 4415 specie
