4334 5354
1639 464 1709 542 325

307 661 434 732 Veia.
453 671 485 730 J.
505 665 554 726 63.
577 677 658 744 quse
678 655 802 728 animo
824 659 994 752 agitabat
1016 667 1066 732 8n
1085 665 1229 728 advorsa
1243 668 1340 728 sunt.
1356 663 1391 724 C.
1413 667 1460 728 so.
1483 665 1710 732 tenebantur.

307 781 341 837 J·
359 772 410 834 85.
430 763 557 852 adepti·
577 775 664 832 sunt
686 771 736 847 54.
756 790 832 850 quae
848 769 938 834 levia
956 780 1052 834 suut.
1076 773 1125 850 76.
1148 768 1278 852 quippe
1298 763 1363 849 qui
1379 763 1514 832 vicerat
1538 773 1606 830 106.
1629 791 1712 852 pro·

309 873 392 938 ditis
413 894 504 956 quos
524 873 680 938 ducebat
701 877 980 955 -quamobrem
994 879 1044 940 38.
1060 875 1164 940 verba
1183 875 1348 938 clausum
1361 879 1459 936 tenet
1472 893 1536 955 pro
1553 893 1634 936 vera
1645 873 1713 936 lec-

309 977 407 1044 tione
430 977 590 1042 habenda·
611 986 701 1044 sunt.
741 979 856 1043 Etiam
874 981 1012 1044 deseret
1035 996 1085 1054 aa.
1107 977 1323 1042 hauddubie
1342 997 1462 1040 sanum
1484 985 1543 1043 est.
1569 981 1618 1040 Eo
1641 997 1714 1054 ma-

311 1081 365 1166 gis
390 1081 534 1162 mirum,
547 1103 619 1147 uno
638 1085 717 1149 loco
740 1084 836 1164 Conj.
860 1105 924 1168 pro
945 1086 1014 1148 ind
1034 1086 1185 1169 positum
1204 1104 1275 1148 esse
1289 1085 1335 1146 ‘C.
1360 1099 1410 1164 49.
1434 1103 1514 1165 quoe
1540 1081 1712 1148 dicerent.

311 1185 372 1250 cir.
395 1191 525 1271 Zumpt.
543 1188 573 1271 ς.
597 1192 645 1268 78.
668 1213 696 1272 7.
721 1210 749 1250 c.
771 1190 870 1256 Anm.
890 1207 920 1253 a.
935 1212 970 1272 p.
995 1195 1065 1270 ³9¹·
1086 1193 1147 1258 Ed.
1168 1192 1228 1254 111.
1269 1189 1538 1272 congruentiam
1564 1186 1716 1270 partium

273 1363 283 1374 ¹
312 1293 481 1356 orationis
502 1296 598 1373 quod
616 1292 755 1369 attinet,
776 1292 900 1376 sepius
921 1313 941 1356 a
962 1295 1097 1379 vulgari
1119 1315 1184 1358 usu
1203 1294 1371 1375 loquendi
1394 1293 1522 1358 recedit
1538 1292 1716 1356 Salustius.

312 1397 388 1458 lam
410 1393 563 1479 primum
578 1419 686 1478 pars,
707 1393 860 1478 reliqui,
884 1395 1045 1480 partim,
1065 1400 1150 1482 alia,
1168 1395 1363 1481 pars-alii,
1385 1395 1606 1481 pars-multi
1623 1415 1717 1460 com-

313 1519 443 1582 ponere
465 1502 498 1566 ei
522 1502 690 1581 solemne3
722 1502 784 1564 cfr.
802 1505 879 1566 Ind.
902 1512 935 1568 et
960 1507 1040 1571 add.
1070 1517 1104 1572 J.
1122 1526 1168 1585 19.
1194 1520 1244 1588 74.
1263 1507 1313 1566 85.
1336 1505 1384 1583 89.
1406 1505 1442 1564 G.
1463 1506 1512 1576 48.
1531 1506 1579 1567 6ο.
1602 1507 1719 1566 ruunt

308 1625 402 1685 pars
424 1625 559 1693 magna
581 1608 624 1668 H.
651 1624 678 1670 a.
701 1603 750 1680 st.
773 1609 915 1672 nomina
933 1610 1112 1677 collectiva
1134 1609 1280 1692 pluralis
1302 1607 1473 1688 sequitur:
1493 1627 1585 1689 pars
1599 1613 1720 1675 asten·

315 1714 438 1772 tantas
459 1721 491 1776 J.
515 1715 565 1777 31.
586 1734 619 1795 p.
640 1711 766 1790 objecti
791 1716 836 1781 rt.
857 1737 890 1797 p.
914 1715 1029 1780 edocti
1051 1717 1102 1782 66.
1126 1735 1263 1802 magna
1274 1733 1366 1794 pars
1385 1708 1566 1776 volnerati
1584 1711 1633 1774 68.
1655 1728 1721 1791 po·
1828 1697 1832 1718 ¹

313 1813 398 1894 pulo
419 1816 461 1875 R.
480 1815 609 1878 metius
621 1815 748 1900 amum,
769 1815 889 1881 tutius
902 1816 984 1878 rati
999 1826 1062 1880 etc.
1075 1819 1218 1896 proles,
1236 1812 1417 1900 genitiH.
1434 1820 1460 1882 I.
1484 1818 1529 1878 16.
1551 1818 1611 1878 sed
1626 1813 1721 1895 prio-

314 1918 411 1992 ribus
427 1919 514 1982 locis
528 1921 671 1982 verbum
688 1921 779 2000 plur.
799 1917 1120 1998 antecessit,vtertio
1140 1918 1219 1980 loco
1233 1917 1353 1997 plebes
1366 1918 1605 1999 praepositum,
1626 1919 1722 1996 quod

315 2022 421 2084 etiam
431 2032 463 2086 J.
479 2023 528 2100 78.
540 2041 619 2084 cum
628 2023 736 2084 verbo
744 2022 873 2104 plurali
881 2021 1040 2099 junctum
1054 2030 1114 2084 est.
1126 2024 1178 2083 Ita
1190 2037 1240 2096 41.
1256 2042 1400 2102 coepere,
1414 2017 1600 2094 nobilitas,
1601 2039 1723 2101 popu-

318 2124 386 2198 lus,
401 2122 464 2184 ubi
481 2123 640 2186 usitatior
657 2133 728 2188 erat
745 2125 940 2210 singularis,
961 2128 996 2192 G.
1005 2149 1034 2207 7.
1044 2122 1225 2211 juventus,
1243 2130 1336 2200 erat,
1353 2123 1523 2198 discebat,
1538 2124 1724 2198 habebant,
1741 2149 1744 2160 ·

318 2233 367 2290 al.
386 2225 550 2298 nobilitas
572 2231 736 2292 aestuabat
753 2239 787 2296 et
807 2231 1018 2306 credebant,
1038 2233 1097 2292 sed
1114 2226 1186 2292 sibi
1201 2227 1352 2310 quisque
1369 2228 1541 2310 sperabat
1552 2236 1611 2290 est.
1625 2230 1660 2288 C.
1670 2232 1720 2304 37.

318 2338 472 2414 uterque
490 2332 679 2396 exercebat
697 2349 748 2412 49.
771 2331 877 2398 collis
892 2355 1000 2416 quam
1016 2327 1291 2420 campisuerat.
1316 2342 1349 2399 J.
1368 2335 1417 2394 5ο.
1438 2331 1572 2394 cariora
1587 2329 1719 2413 omnia,

319 2455 422 2516 quam
434 2439 537 2501 decus
546 2446 647 2518 atque
656 2438 826 2522 pudicitia
826 2433 922 2526 suit3
939 2438 1228 2502 duosubstantiva
1237 2436 1327 2502 ioem.
1337 2445 1496 2502 neutrum
1507 2437 1597 2519 plur.
1610 2435 1725 2516 scqui-

319 2549 383 2602 tur.
397 2543 456 2605 ira
466 2549 579 2623 atque
588 2544 770 2632 aegritudo
778 2541 966 2627 permista
977 2551 1067 2613 suut.
1080 2556 1114 2611 J.
1129 2546 1178 2610 68.
1192 2539 1368 2608 uelocitas
1379 2549 1414 2606 et
1428 2543 1529 2630 regio
1544 2547 1724 2606 -tutata

317 2653 398 2708 sunt
414 2649 463 2710 52.
485 2646 598 2711 virtus
604 2649 772 2734 fidesque
787 2658 905 2714 vestra
920 2656 1086 2732 spectata
1103 2649 1226 2713 forent.
1243 2650 1279 2716 G.
1297 2665 1346 2711 ao.
1365 2646 1486 2708 letitia
1501 2655 1603 2726 atque
1625 2644 1724 2707 lasci·
1830 2705 1833 2712 ,

296 2749 298 2753 ’
318 2751 375 2814 via
388 2791 429 2804 -
444 2774 524 2834 quae
537 2766 715 2837 pepererat
726 2761 779 2818 δι.
797 2774 915 2818 earum
935 2771 1068 2842 rerum,
1091 2772 1167 2832 quse
1176 2751 1289 2835 prima
1301 2753 1432 2814 ducunt
1447 2743 1478 2812 J.
1493 2768 1545 2827 4¹·
1557 2753 1725 2814 humana-

318 2877 394 2918 rum
411 2875 519 2920 rerum
534 2857 673 2920 fortuna
688 2843 852 2942 pleraque
866 2858 955 2940 regit
974 2868 1007 2922 J·
1022 2873 1089 2918 102.
1106 2856 1155 2916 ita
1171 2855 1392 2918 confirmatur
1413 2853 1517 2913 lectio
1540 2857 1590 2929 37.
1602 2853 1723 2934 picem

318 2962 492 3043 sulphure
502 2971 537 3025 et
546 2965 641 3026 tacta
653 2959 809 3024 miaetam
819 2956 1001 3023 ardentia.
1011 2957 1117 3020 Aliud
1123 2955 1316 3037 exemplum
1327 2969 1377 3033 49.
1394 2951 1465 3037 ipsi
1470 2962 1572 3034 atque
1580 2956 1724 3040 signa-

319 3063 501 3126 obscurati.
515 3063 709 3124 Relativum
722 3067 765 3126 ad
776 3080 913 3126 sensum
924 3061 1134 3125 construitur
1146 3063 1197 3122 66.
1221 3059 1261 3124 V
1256 3079 1439 3142 accensas,
1460 3080 1548 3140 quo,
1568 3062 1603 3121 C.
1621 3063 1668 3122 18.
1682 3097 1724 3113 -

320 3163 569 3254 Conjuvarere
577 3162 706 3248 pauci,
721 3168 847 3247 deque
858 3177 889 3230 J.
904 3180 949 3238 ιιι.
960 3161 1093 3228 familia
1108 3173 1233 3246 nostra,
1245 3183 1393 3245 quorum
1404 3173 1466 3228 etc.
1480 3167 1530 3244 95.
1545 3164 1727 3251 equitatus,

319 3289 407 3351 quos
424 3290 491 3332 100.
513 3267 715 3352 diffidentia
725 3267 877 3360 futuri,
899 3289 980 3351 quae
1001 3265 1245 3353 imperavisset
1265 3305 1306 3318 -·
1325 3269 1480 3346 servitia3
1503 3272 1599 3350 cujus
1616 3275 1653 3334 C.
1676 3275 1723 3339 56.

321 3377 366 3438 ad
386 3374 551 3440 remotius
570 3373 658 3452 subj.
679 3375 862 3440 relativum
882 3374 1030 3438 refertur
1048 3385 1080 3440 J.
1103 3388 1149 3449 24.
1178 3369 1268 3455 quid
1288 3371 1488 3458 reliquum,
1509 3373 1583 3438 nisi
1601 3373 1651 3438 ris
1672 3398 1725 3440 ve-

320 3487 413 3553 stra,
432 3498 503 3561 quo
518 3479 649 3543 moveri
661 3479 796 3564 possiti
814 3476 1035 3546 nominativi
1052 3475 1224 3561 absoluti,
1243 3479 1306 3559 qui
1326 3479 1465 3561 dicitur,
1485 3500 1594 3540 unum
1614 3500 1726 3542 exem·

320 3584 418 3667 plum
440 3587 489 3646 66.
517 3586 735 3664 Vaccenses,
764 3605 836 3667 quo
854 3619 897 3637 ·-
915 3580 1105 3667 principes
1123 3578 1282 3646 civitatis
1305 3591 1366 3646 etc.
1405 3584 1473 3648 Sed
1493 3585 1618 3646 rectius
1639 3585 1727 3662 ejus-

321 3688 420 3754 modi
446 3697 614 3752 structura
642 3685 885 3772 Epanatepsis
912 3688 968 3752 vel
995 3687 1159 3752 resumtio
1185 3686 1329 3764 dicitur,
1361 3707 1507 3772 persona
1535 3688 1628 3752 enim
1660 3691 1726 3754 mi-

322 3795 682 3878 nusaccuratedicta,
702 3793 983 3877 insequentibus
1004 3796 1125 3857 eodem
1147 3812 1238 3876 casu,
1258 3795 1318 3856 sed
1338 3793 1543 3878 diligentius
1563 3795 1726 3878 exprimi-

322 3909 398 3983 tur,
419 3899 485 3962 toti
505 3899 598 3964 enim
619 3899 751 3961 civitati
771 3907 903 3982 partem
924 3899 1110 3962 substituit.
1132 3898 1193 3962 cfr.
1214 3901 1421 3962 Ramsborn.
1440 3897 1468 3982 ς.
1491 3901 1561 3962 206.
1583 3903 1618 3962 B.
1639 3903 1667 3962 6.
1688 3900 1725 3983 8)

314 3991 483 4070 «Ceterum
500 4012 605 4070 totam
621 4002 849 4087 appositionis
861 4005 1032 4069 rationem
1046 4008 1137 4088 apud
1150 4003 1337 4084 Salustium
1348 4004 1513 4068 latissime
1525 4016 1650 4088 patere,
1653 4003 1727 4084 jam

224 4155 230 4166 ·
324 4111 408 4174 inde
428 4109 549 4193 colligi
574 4117 703 4191 potest,
735 4111 830 4191 quod
851 4111 1002 4194 plurima
1023 4113 1142 4174 eadem
1164 4111 1471 4195 comprehensione
1491 4111 1671 4194 complecti
1691 4111 1724 4174 S.

325 4233 427 4293 quam
448 4215 594 4278 maxime
615 4215 781 4281 studebat.
801 4215 965 4299 Exempla
985 4217 1126 4278 laudare
1147 4215 1198 4277 nil
1219 4215 1351 4278 attinet.
1381 4217 1422 4278 In
1445 4213 1604 4280 Genitivi
1621 4223 1728 4276 struc-

324 4324 401 4396 tura
428 4323 600 4384 notandus
629 4318 893 4402 adjectivorum,
924 4321 1129 4403 quibuscum
1150 4319 1209 4382 hic
1231 4339 1326 4384 casus
1342 4320 1518 4405 jungitur,
1549 4339 1724 4396 numerus3
