4282 5390
642 519 650 554 t
705 521 707 526 ·
1424 565 1429 574 1
1504 441 1523 547 (l
1629 489 1674 568 71

276 665 337 732 bat
357 627 452 749 eam,
480 662 687 748 penitusque
718 667 892 746 cognorat.
912 663 1033 746 Itaque
1052 661 1091 726 in
1107 667 1234 726 senatu
1250 663 1483 730 consularium
1501 665 1687 734 auctorita-

274 782 343 839 tem
362 773 623 853 assequebatur:
645 772 706 835 sed
726 770 765 833 in
785 768 895 834 causis
910 766 1062 858 publicis
1073 769 1185 850 nihil,
1204 768 1242 833 in
1258 771 1402 855 privatis
1419 771 1502 837 satis
1513 780 1687 840 veterator

270 877 484 944 videbatur.»

350 983 404 1046 Ad
423 983 571 1046 eundem
585 979 775 1066 Cethegum
799 977 975 1044 Ernestius
995 981 1062 1046 Cic.
1081 1001 1145 1067 pro
1167 981 1300 1047 Cluent.
1315 988 1345 1046 ³.
1366 982 1587 1048 referendum
1612 1001 1686 1052 esse

272 1094 400 1164 censet,
423 1086 504 1152 vide
523 1088 567 1148 ad
588 1087 688 1152 Catil.
713 1109 761 1167 17.
783 1108 887 1168 quem
912 1106 934 1148 a
953 1096 1073 1151 nostro
1096 1089 1270 1153 diversum
1291 1109 1362 1154 esse
1378 1088 1496 1152 statuit
1512 1091 1591 1150 Ern.
1606 1088 1687 1170 qui·¹

271 1195 337 1258 bus
356 1201 547 1257 commotus
577 1190 771 1256 rationibus
796 1192 922 1256 nescio.
947 1189 1096 1277 penatis
1122 1196 1170 1260 ita
1197 1198 1271 1262 Vat.
1292 1217 1320 1258 1.
1343 1218 1373 1266 2,
1393 1215 1465 1258 non
1488 1196 1601 1258 solum
1619 1197 1687 1260 hoe

247 1291 366 1383 ‘10003
394 1302 455 1364 sed
475 1299 615 1379 ubique.
639 1297 803 1381 rempub.
819 1293 976 1387 frustra
1002 1306 1144 1361 curant.
1174 1298 1234 1363 cir.
1265 1304 1310 1364 ad
1331 1303 1409 1385 Jug.
1429 1304 1480 1376 46.
1510 1301 1608 1362 Catil.
1627 1303 1686 1379 593
1796 1353 1798 1360 ,

186 1415 191 1422 “
267 1425 403 1468 'manus
428 1426 579 1468 armare
597 1405 676 1488 Jug.
700 1424 773 1483 1⁰73
795 1399 880 1486 <<qui
901 1423 1023 1466 manus
1044 1405 1261 1467 armaverit->³
1282 1401 1464 1468 decernite
1487 1401 1599 1493 digna
1618 1421 1689 1468 no·
1719 1410 1725 1416 ’
1814 1435 1819 1442 ·

273 1506 374 1572 mini.
403 1510 507 1572 etiam
532 1512 604 1572 haec
622 1509 726 1571 lectio
745 1509 904 1572 Vaticani
926 1530 952 1570 1.
977 1518 1011 1572 et
1029 1525 1058 1571 π.
1079 1509 1281 1572 auctoritate
1303 1509 1542 1584 confirmatur,
1563 1512 1686 1573 eadem

271 1616 450 1679 verborum
469 1621 638 1679 structura
663 1634 718 1697 ap.
736 1614 847 1675 Plaut.
867 1615 987 1697 Pomp.
1008 1635 1034 1674 1.
1056 1629 1086 1675 a.
1108 1629 1163 1693 443
1186 1614 1279 1678 diem
1297 1615 1442 1700 dignum
1464 1623 1498 1677 et
1515 1605 1687 1678 celebrem
1755 1599 1757 1608 ’

272 1720 418 1805 dignum
437 1721 565 1787 Veneri
586 1721 646 1803 pol
658 1745 668 1794 3
689 1719 738 1782 ita
766 1720 868 1784 etiam
892 1720 1016 1782 decet.-
1039 1721 1115 1782 Ter.
1136 1721 1242 1786 Andr.
1264 1723 1293 1782 t.
1314 1723 1345 1781 8.
1362 1723 1398 1799 5;
1420 1721 1545 1782 Hercle
1555 1720 1605 1782 ita
1621 1737 1690 1781 no·

270 1826 324 1890 bis
348 1829 463 1904 decet,
484 1827 577 1888 inira
598 1826 718 1910 fragm.
745 1827 794 1888 51.
831 1846 956 1908 «quam
985 1825 1175 1888 victoribus
1197 1826 1371 1890 decebat.»
1399 1832 1435 1888 et
1468 1847 1549 1888 vera
1570 1818 1713 1910 magis*

266 1933 420 2014 placent
437 1933 461 1996 i.
477 1954 505 2000 e.
522 1934 669 2016 justum,
684 1941 815 1996 rectum
835 1932 895 1994 cfr.
907 1929 998 1995 serv.
1011 1935 1055 1994 ad
1073 1933 1168 2015 Virg.
1182 1934 1267 1994 Aen.
1285 1949 1333 1993 12.
1344 1934 1422 2010 6943
1444 1931 1512 1994 Cic.
1529 1934 1571 1993 de
1583 1933 1688 2014 Legg.

271 2053 300 2099 a.
323 2040 370 2112 5.;
392 2037 437 2100 id.
455 2044 484 2101 3.
511 2042 564 2113 15¹3
586 2040 658 2100 Liv.
682 2055 710 2099 2.
735 2040 792 2112 483
828 2037 922 2100 bella
943 2033 1060 2124 magis
1072 2039 1245 2120 placent,
1267 2039 1414 2097 absurda
1436 2038 1690 2100 nonnullorum

269 2142 477 2218 conjectura.
492 2152 623 2224 augete
643 2140 827 2225 ingenium
836 2181 852 2233 ‚y
869 2141 927 2200 cfr.
946 2143 1025 2218 Jug.
1046 2158 1100 2196 roa
1123 2149 1156 2196 et
1174 2155 1225 2212 47.
1246 2138 1295 2195 ita
1307 2137 1410 2194 etiam
1425 2139 1535 2195 Plaut.
1547 2135 1688 2198 Bachitt.

269 2250 301 2310 3.
316 2249 346 2307 3.
368 2264 425 2322 903
446 2243 598 2304 animum
625 2252 728 2320 atque
749 2239 930 2322 ingenium
954 2237 1089 2322 jungit:
1116 2240 1175 2300 sed
1193 2237 1355 2321 inprimis
1376 2239 1462 2299 Enn.
1483 2241 1571 2322 apud
1592 2240 1690 2304 Cice·

268 2368 410 2432 ronam,
433 2351 478 2409 de
505 2349 563 2407 Or.
597 2351 627 2405 3.
659 2347 717 2420 68;
739 2363 863 2416 «nemo
886 2352 955 2404 tam
974 2343 1075 2405 firmo
1099 2343 1242 2426 ingenio
1272 2357 1305 2406 ct
1335 2354 1430 2406 tanta
1460 2344 1689 2428 confidentia,

270 2455 356 2538 quin
379 2451 528 2534 refugiat
549 2448 672 2507 timido
694 2461 848 2524 sanguen
871 2451 974 2519 atque
993 2447 1183 2502 exalbescat
1202 2453 1329 2506 metu.»
1359 2451 1501 2510 Videtur
1519 2451 1689 2517 salustius

270 2559 504 2640 antiquiorem
528 2547 698 2632 loquendi
722 2567 822 2608 usum
842 2553 977 2606 secutus
1002 2563 1089 2626 esse,
1114 2565 1155 2636 ex
1179 2565 1248 2623 quo
1269 2545 1451 2629 ingenium
1476 2551 1569 2610 idem
1595 2559 1693 2632 quod

271 2666 406 2728 animus
423 2673 456 2726 et
480 2659 616 2723 indoles
640 2651 874 2738 significabat,
895 2649 945 2718 ita
969 2659 1130 2735 vegetum
1149 2640 1333 2734 ingem'urn
1358 2671 1411 2733 ap.
1432 2653 1570 2714 Liuium
1591 2659 1619 2715 6.
1634 2673 1689 2736 223

275 2764 421 2856 ingenio
444 2761 562 2853 ferox
588 2764 635 2822 id.
659 2775 709 2834 qo.
728 2759 790 2834 453
812 2776 888 2836 qum
914 2754 1007 2816 enim
1031 2774 1083 2837 ap.
1111 2754 1312 2816 Ciceronem
1333 2757 1437 2833 hujus
1460 2760 1555 2820 vocis
1580 2768 1691 2826 exstat

274 2873 497 2952 definitio'dc
519 2869 593 2929 Fin.
616 2869 643 2927 5.
665 2869 714 2930 13.
735 2883 774 2926 ea
796 2862 911 2945 potius
932 2881 972 2923 ex
991 2858 1128 2943 vulgari
1142 2879 1206 2922 usu
1229 2860 1414 2944 loquendi,
1436 2882 1540 2942 quam
1556 2884 1597 2925 ex
1614 2873 1690 2948 ety-
1803 2854 1806 2862 ’

278 2978 439 3062 mologiac
471 2974 586 3036 studio
620 2971 728 3054 petita
760 2977 819 3030 est.
850 2987 930 3048 quta
967 2967 1125 3029 collecta
1150 2973 1238 3028 sunt
1258 2963 1432 3056 socordia
1454 3001 1497 3018 -
1520 2968 1690 3034 secordia

274 3087 347 3152 Vat.
368 3101 396 3146 2.
416 3083 577 3144 hocloco
597 3086 630 3137 et
650 3095 815 3158 supra-
826 3074 981 3158 collecta
998 3072 1022 3134 i.
1047 3093 1080 3136 e.
1093 3081 1210 3134 coacta
1228 3082 1400 3135 contracta
1411 3082 1489 3136 sunt
1503 3075 1571 3136 Cic.
1587 3077 1631 3136 ad
1647 3077 1688 3160 Q.

171 3171 177 3180 ’
273 3193 327 3280 Fr.
354 3214 378 3253 ι.
400 3211 428 3249 1.
451 3208 526 3269 quae
549 3195 665 3247 nostra
688 3184 789 3264 culpa
808 3189 980 3240 contracta
1000 3189 1097 3256 sunt3
1119 3198 1200 3240 nam
1223 3183 1378 3244 collecta
1396 3203 1535 3262 quoque
1555 3184 1593 3244 in
1615 3202 1689 3247 me-

272 3292 346 3358 lam
366 3302 498 3376 partem
519 3290 648 3350 dictum
666 3294 725 3348 est.
748 3283 946 3346 exercitum
961 3280 1109 3366 privato
1131 3283 1286 3349 consilio
1300 3298 1489 3368 paratum.
1525 3281 1690 3372 Quamvis

276 3399 371 3468 enim
398 3395 531 3479 Lepido
552 3392 718 3455 exercitus
743 3394 896 3454 decretus
921 3401 1027 3475 esset,
1051 3402 1165 3454 tamen
1191 3394 1299 3455 alium
1323 3413 1362 3455 ac
1386 3395 1499 3471 jussus
1520 3405 1608 3470 crat,
1630 3413 1690 3458 co-

275 3511 411 3590 egerat,
443 3500 576 3564 scilicet
605 3519 645 3560 ex
680 3496 882 3581 reipublicae
916 3498 1080 3560 hostibus.
1113 3500 1179 3564 Ad
1200 3499 1322 3562 urbem
1357 3499 1458 3562 ducit
1488 3501 1584 3562 locus
1618 3519 1690 3564 me·

249 3616 409 3694 ,moratu
437 3605 579 3689 dignus3
603 3611 653 3667 est
686 3601 779 3667 enim
793 3653 796 3666 .
812 3604 1025 3688 testimonio,
1045 3605 1215 3688 Lepidum
1237 3607 1292 3668 vel
1316 3611 1383 3670 hoc
1403 3627 1494 3694 anno
1520 3608 1690 3688 impetum

236 3772 239 3782 .
274 3722 393 3778 contra
417 3713 536 3774 urbem
560 3729 710 3796 parasse3
741 3712 802 3772 aed
827 3731 906 3772 eutn
935 3713 1028 3772 baud
1056 3713 1161 3774 dubie
1187 3713 1225 3773 in
1255 3713 1332 3795 ipso
1360 3713 1485 3774 itincre
1516 3712 1689 3776 revocavit

272 3818 435 3902 mintius,
455 3817 656 3901 Pompeium
684 3837 724 3881 ex
746 3817 860 3879 Gallia
880 3817 918 3877 in
938 3818 1108 3878 Etruriam
1128 3838 1311 3881 reversum.
1337 3816 1397 3879 uti
1412 3819 1555 3900 Appias
1575 3817 1689 3882 Clau·

274 3920 356 4010 dius
370 3919 534 3984 interrex
555 3953 596 3971 -
615 3917 674 3985 uti
690 3926 765 3988 Vat.
781 3945 809 3984 1.
826 3939 873 3984 n:
896 3925 938 3984 de
961 3909 1131 4008 interrege
1152 3923 1407 4003 cirrLiv.t.17.
1429 3911 1587 3988 caeterum
1603 3943 1689 3987 num

272 4029 361 4111 App.
382 4025 544 4088 Claudius
559 4021 651 4090 idem
671 4028 735 4112 sit,
756 4027 818 4120 qui
835 4029 970 4090 duobus
991 4029 1091 4091 annis
1109 4039 1187 4092 ante
1211 4049 1289 4090 cum
1308 4027 1456 4092 Servilio
1476 4030 1597 4092 consul
1613 4029 1690 4093 fue·-

186 4185 191 4196 .
256 4139 347 4215 rat,
367 4135 557 4195 admodum
582 4133 728 4194 dubium
762 4140 832 4210 est,·
853 4153 916 4216 per
944 4135 1038 4219 leges
1070 4135 1164 4197 enim
1203 4134 1262 4195 vix
1286 4131 1407 4214 licuit,
1437 4142 1475 4193 ut
1502 4133 1690 4215 proconsul

276 4253 355 4300 oum
370 4237 516 4321 imperio
538 4238 786 4322 rempublicam
809 4239 905 4300 domi
921 4239 1184 4302 administraret.
1203 4239 1320 4316 ltaque
1340 4237 1412 4314 ejus
1430 4235 1565 4301 fratrem
1583 4238 1689 4303 fuisse

277 4339 487 4434 putarerim,
507 4345 569 4429 qui
586 4345 720 4432 Appius
732 4344 900 4410 Claudius
921 4344 1033 4424 Major
1053 4341 1307 4427 appellabatur,
1321 4344 1364 4406 de
1384 4361 1453 4424 quo
1474 4343 1622 4408 cincio.
1645 4342 1692 4405 de
1778 4367 1782 4384 ⁴
