4230 5348
1686 431 1756 510 113

352 657 369 671 -
384 645 452 703 ¹7··
473 611 678 701 Multisque
697 608 966 702 suspicionibus
990 615 1151 686 colentia
1173 616 1275 705 plebi
1283 617 1465 713 facturus
1482 618 1683 692 uidebatur.
1703 627 1756 690 Ad

351 724 555 810 Pompeium
583 725 651 788 hoc
668 722 794 808 refero,
814 743 918 806 quem
942 724 1136 793 tribuniciae
1155 728 1331 812 potestatis
1353 729 1570 796 restituendae
1588 729 1758 793 arbitrum

350 840 487 897 senatus
513 830 742 913 fecerat‚qu
728 829 853 910 jusque
877 831 1008 895 reditus
1037 853 1079 898 ex
1097 833 1265 917 Hispania
1286 853 1307 895 a
1335 834 1438 918 plebe
1462 836 1682 898 vehementer
1702 855 1758 899 er-

273 987 277 994 .
351 937 576 1021 spectabatur.
606 933 666 998 cfr.
682 935 771 998 Plut.
792 938 958 1044 Pomp.
934 957 962 998 c.
983 953 1030 1004 ιι.
1056 936 1209 1016 ejusdem
1230 939 1425 1022 argumenti
1445 946 1495 1002 est
1514 937 1605 1001 infra
1634 938 1755 1024 fragm.

351 1059 401 1118 77.
428 1037 641 1107 Valentini
661 1059 690 1103 e.
717 1009 958 1123 (immite)
938 1050 971 1108 nr
999 1052 1046 1125 tq)
1028 959 1166 1126 inlu-⁴¹
1195 1042 1255 1116 cfr
1273 1042 1362 1106 Plut.
1384 1043 1449 1105 l.1.
1476 1044 1678 1128 Bernhardy
1698 1045 1758 1111 Gr.

349 1149 486 1229 Syntax.
510 1167 544 1228 p.
565 1147 615 1225 87.
645 1143 725 1208 Tac.
744 1144 868 1208 Annal.
893 1146 940 1208 15.
961 1149 1022 1212 36.
1044 1146 1117 1210 haec
1138 1154 1241 1229 atque
1266 1146 1348 1210 talia
1366 1147 1469 1229 plebi
1480 1147 1634 1212 volentia
1649 1146 1757 1213 fuere.

348 1251 434 1314 Hist.
459 1256 489 1313 3.
514 1252 568 1314 52:
590 1248 753 1322 Muciano
769 1248 924 1312 volentia
947 1249 1121 1334 scripsere.
1141 1251 1311 1315 Ammian.
1325 1255 1428 1314 Marc.
1444 1253 1492 1314 26.
1513 1267 1549 1327 4:
1564 1249 1757 1336 placentia
1871 1279 1874 1285 ·

347 1377 412 1440 pro
434 1354 571 1439 placita.
595 1356 672 1438 lug.
692 1358 749 1433 93:
775 1350 968 1442 gignentia
989 1375 1054 1438 pro
1069 1351 1207 1442 genita.
1228 1358 1395 1420 Vechner.
1413 1357 1630 1420 Hellenolex.
1650 1378 1684 1440 p.
1707 1359 1759 1437 78.

349 1463 442 1522 unde
463 1458 609 1541 factum,
633 1467 671 1520 ut
691 1458 810 1546 Qarrio
833 1465 866 1520 et
894 1459 1084 1522 Palmerius
1107 1460 1210 1522 etlam
1231 1478 1334 1544 supra
1354 1462 1432 1544 lug.
1457 1465 1508 1541 73.
1537 1480 1603 1544 pro
1624 1455 1762 1524 volenti

350 1558 474 1626 animo
492 1599 534 1616 ·-
550 1557 713 1626 uolentia
736 1563 808 1647 legi
826 1562 1129 1642 jusserint.'-18.-
1147 1564 1413 1664 Suspectusque
1423 1559 1519 1655 fuit.
1540 1566 1593 1628 Ad
1610 1563 1759 1628 Antoni·-

349 1675 427 1750 um,
448 1667 536 1731 belli
557 1667 684 1731 Cretici
706 1669 844 1750 ducem,
872 1668 928 1731 vel
951 1669 996 1729 ad
1026 1669 1169 1732 Verrem
1194 1670 1261 1731 hoc
1282 1658 1456 1751 pertinere
1480 1669 1663 1752 putaveris.
1697 1667 1760 1730 cir.

347 1790 450 1856 supra
468 1792 546 1857 pag.
570 1791 665 1834 22.-
646 1792 750 1838 ·.·ao
779 1773 900 1853 Quam
927 1767 1108 1836 maximia
1139 1773 1346 1837 describitur
1375 1774 1442 1839 iter
1472 1774 1612 1837 Luculli
1638 1781 1758 1835 contra

346 1877 552 1985 Tigranem3
571 1876 735 1988 expressit
754 1884 905 1939 nostrum
925 1876 1040 1938 locum
1052 1876 1142 1937 Plut.
1155 1880 1196 1942 V.
1215 1881 1295 1939 Luc.
1307 1898 1335 1939 c.
1348 1896 1398 1953 77.
1418 1847 1621 1942 Λούκουλλος
1640 1848 1758 1931 (iimit-

346 1951 441 2043 sirac
461 1950 632 2044 iieooac’
616 1965 674 2035 eni
692 1951 745 2037 sir
763 1961 863 2058 ’ρΕυφ
865 1949 951 2048 citur.
971 2000 1029 2016 -
1054 1981 1160 2063 paulo
1178 1979 1286 2042 infra:
1322 2001 1428 2043 nares
1457 1978 1654 2044 codicariae
1677 1987 1758 2042 sunt

346 2093 433 2159 πθρυ
416 2060 542 2161 mpetu
563 2060 696 2153 fxiii&
710 2085 799 2149 Plut.
809 2084 832 2146 l.
843 2082 865 2144 l.
880 2082 941 2148 cfr.
953 2078 1115 2146 Scheffer.
1132 2087 1176 2144 de
1190 2083 1317 2142 mrlrtra
1328 2085 1443 2145 navah
1454 2087 1511 2146 IV
1530 2106 1555 2142 1.
1568 2102 1621 2162 ap.
1629 2086 1755 2144 Lucan.

346 2188 403 2250 IV.
415 2200 485 2266 417.
504 2182 619 2246 simile
642 2185 781 2245 navium
797 2203 904 2268 genus
916 2183 1131 2247 describitur.
1142 2186 1251 2261 Varro
1266 2203 1319 2266 ap.
1329 2183 1494 2246 Νοιιίιιιιιι
1512 2185 1606 2264 quod
1620 2182 1758 2263 antiqui

346 2290 464 2374 plures
484 2289 618 2350 tabulas
644 2287 841 2366 conjunctas
863 2287 997 2350 codices
1014 2287 1190 2365 dicebant,
1213 2307 1234 2348 a
1252 2307 1321 2367 quo
1343 2286 1381 2348 in
1397 2285 1518 2349 Tiberi
1539 2303 1641 2350 naves
1661 2285 1756 2348 codi—
1881 2325 1884 2332 .

347 2394 454 2458 carias
476 2393 699 2476 appellamus.
720 2393 806 2452 Fest.
833 2411 859 2455 s.
888 2413 919 2452 v.
945 2391 1154 2454 caudicariae
1186 2409 1289 2453 naves
1309 2410 1350 2453 ex
1375 2390 1501 2454 tabulis
1528 2391 1750 2454 crassioribus

345 2500 453 2563 factae.
473 2487 734 2563 Ariobarzani.
754 2491 932 2555 sollemnis
953 2490 1066 2553 forma
1085 2491 1248 2576 genitivi,
1268 2511 1371 2574 quam
1390 2497 1506 2558 Douza
1524 2505 1615 2561 recte
1635 2504 1756 2560 contra

345 2611 475 2666 ceteros
493 2597 654 2664 defendit.
676 2615 783 2677 quare
806 2594 1010 2679 videndum,
1038 2617 1124 2659 num
1141 2615 1245 2679 supra
1267 2617 1403 2677 quoquc
1421 2598 1460 2660 in
1477 2601 1538 2682 Ep.
1558 2601 1678 2662 Mithr.
1700 2621 1756 2663 ea-

346 2711 425 2771 dem
463 2705 575 2768 forma
600 2703 798 2786 reponenda
825 2699 879 2764 sit.
916 2721 1023 2763 -ιι.-
1054 2702 1226 2784 Namque
1247 2696 1420 2783 primurn.
1454 2704 1499 2765 ad
1533 2703 1755 2785 antiquitates

346 2812 467 2894 Ponti,
496 2809 592 2887 cujus
623 2806 895 2871 luculentissima
924 2805 963 2869 in
988 2806 1129 2884 Salustii
1163 2805 1319 2868 historiis
1351 2813 1426 2868 erat
1454 2807 1656 2890 descriptio,
1686 2810 1754 2870 hoc

345 2915 573 2978 referendum.
593 2929 699 2975 -aa.-
720 2905 1199 2998 Qnipraetergrediebantur
1216 2901 1352 2992 equites
1372 2907 1618 2992 cataphracti.
1632 2929 1753 2984 eorum

345 3019 476 3082 mentio
495 3018 534 3079 fit
553 3018 646 3099 apud
663 3015 752 3074 Plut.
772 3014 813 3077 V.
842 3015 924 3075 Luc.
941 3033 970 3076 c.
999 3016 1048 3076 26.
1068 3015 1127 3078 XV
1149 3013 1262 3075 millia
1279 3012 1403 3098 fuisse,
1420 3014 1585 3078 Lucullus
1602 3013 1642 3077 in
1663 3016 1753 3099 pub-

254 3187 258 3199 ,
344 3124 422 3186 licis
443 3121 554 3184 literis
566 3116 820 3201 perscripserat.
841 3115 900 3177 cfr.
927 3135 956 3176 c.
979 3119 1027 3177 28.
1047 3101 1232 3198 Tigranes,
1251 3139 1330 3180 cum
1349 3119 1495 3182 Lucullo
1516 3109 1610 3203 apud
1631 3118 1753 3206 Tigra-

345 3233 485 3290 nocerta
501 3221 664 3306 proelium
683 3217 940 3296 commissurus,
959 3209 1150 3295 plurimum
1166 3217 1332 3282 fiduciae
1321 3241 1360 3282 ru
1383 3221 1428 3284 iis
1446 3225 1609 3306 reposuit.
1628 3225 1680 3289 De
1696 3243 1752 3287 ar·
1817 3253 1820 3256 ·

346 3349 482 3396 morum
503 3342 627 3412 genere
646 3320 705 3385 cfr.
723 3328 847 3403 praeter
869 3318 1132 3381 Plutarchuml.
1155 3320 1178 3380 l.
1200 3321 1263 3443 qui
1283 3309 1581 3436 durrsoev'uvsxe
1582 3312 1748 3411 inaniat,

345 3459 473 3535 7777777
489 3456 524 3502 τι
542 3423 602 3534 nal
619 3411 684 3524 μῆρ
669 3453 736 3520 ρους
753 3410 841 3523 pira
858 3407 976 3520 γῦμιιι
994 3447 1055 3492 των
1064 3427 1206 3516 κατοιφ
1207 3408 1316 3497 ιίκτωι
1335 3419 1411 3525 eiras
1443 3445 1539 3506 dicit,
1575 3447 1740 3528 vegei„
1714 3451 1749 3506 7

347 3575 397 3620 ιι.
418 3553 587 3618 Αιιιιιιίιιιι.
608 3551 691 3614 XVI.
712 3567 758 3608 ιο.
777 3546 891 3610 ΧΧΝ.
916 3559 945 3609 2.
962 3544 1401 3617 etl.XXV.1Athen.V.
1424 3549 1452 3608 5.
1472 3546 1597 3610 Iastia.
1617 3547 1702 3608 XLI.
1719 3565 1748 3608 2.

344 3663 423 3723 Tac.
447 3661 490 3720 Ι-Ι.
515 3679 542 3719 ι.
566 3677 617 3738 79.
646 3649 849 3716 Tertullian.
868 3651 923 3711 dc
942 3647 1105 3732 palliop.
1129 3663 1179 3728 49.
1213 3650 1275 3710 Ed.
1295 3649 1434 3713 Salmas.
1450 3648 1580 3714 Julian.
1601 3649 1695 3712 Orat.
1720 3653 1749 3714 I.

347 3774 479 3845 atquae
506 3782 584 3846 pag.
612 3763 660 3840 73.
679 3753 866 3840 spanheim
886 3752 1036 3838 collegit.
1057 3753 1238 3816 Heliodor.
1265 3754 1322 3815 IX.
1346 3757 1423 3828 431:
1450 3772 1526 3833 quae
1551 3754 1629 3816 loca
1651 3755 1748 3816 Was-

347 3871 418 3934 sius
434 3866 611 3950 congessit.
635 3882 712 3925 cum
738 3873 854 3923 nostro
875 3859 953 3921 loco
977 3857 1172 3942 jungenda,
1195 3877 1272 3938 quae
1290 3856 1383 3919 infra
1407 3859 1477 3920 Inc.
1502 3861 1552 3937 73.
1573 3858 1745 3942 leguntur.

346 3977 444 4036 -ιλ-
465 3971 584 4053 Quum
602 3962 758 4050 interim,
775 3964 910 4028 lumine
919 3959 1029 4027 etiam
1045 3969 1122 4026 tum
1141 3958 1300 4038 incerto,
1323 3962 1403 4026 duae
1418 3957 1550 4025 Gallice
1568 3957 1746 4025 mulieres.

345 4085 534 4162 postremas
559 4089 659 4138 voces
676 4069 832 4134 defendit
852 4057 1052 4153 Berneg'ger.
1065 4069 1109 4130 ad
1123 4068 1247 4130 lustin.
1267 4067 1359 4130 Prol.
1380 4067 1508 4128 XXXII.
1528 4068 1680 4151 Interpp.
1701 4069 1746 4130 ad
1774 4078 1780 4088 “

347 4184 427 4244 Caes.
444 4183 478 4242 B
497 4177 585 4240 Gall.
609 4198 637 4238 r.
657 4177 707 4241 30.
734 4173 854 4236 Heius.
872 4176 916 4235 ad
933 4174 1051 4236 Claud.
1072 4175 1173 4255 Rapt.
1190 4173 1347 4254 Proserp.
1370 4193 1396 4232 1.
1417 4192 1464 4250 17.
1499 4169 1633 4246 similia
1646 4177 1743 4232 sunta

348 4279 494 4350 Groecia
520 4301 633 4400 gens,
654 4278 837 4346 Dardana
859 4298 979 4361 arma,
1006 4271 1173 4344 Arcadia
1205 4295 1366 4343 nemora.
1391 4311 1432 4325 -··
1459 4273 1524 4340 Aa
1556 4281 1744 4339 menstrua

1177 4385 1225 4426 Ὗ·
1401 4372 1445 4449 15
