<?xml version="1.0" encoding="UTF-8"?>
<!DOCTYPE html PUBLIC "-//W3C//DTD XHTML 1.0 Transitional//EN"
    "http://www.w3.org/TR/xhtml1/DTD/xhtml1-transitional.dtd">
<html xmlns="http://www.w3.org/1999/xhtml" xml:lang="en" lang="en">
 <head>
  <title>
</title>
<meta http-equiv="Content-Type" content="text/html;charset=utf-8" />
  <meta name='ocr-system' content='tesseract 3.04.00' />
  <meta name='ocr-capabilities' content='ocr_page ocr_carea ocr_par ocr_line ocrx_word'/>
</head>
<body>
  <div class='ocr_page' id='page_1' title='image "./ccrispisalustii01sallgoog_0335.png"; bbox 0 0 4334 5354; ppageno 0'>
   <div class='ocr_carea' id='block_1_1' title="bbox 1646 454 1719 543">
    <p class='ocr_par' dir='ltr' id='par_1_1' title="bbox 1646 454 1719 543">
     <span class='ocr_line' id='line_1_1' title="bbox 1646 454 1719 543; baseline -0.041 -20"><span class='ocrx_word' id='word_1_1' title='bbox 1646 454 1719 543; x_wconf 74' lang='lat'><strong>329</strong></span> 
     </span>
    </p>
   </div>
   <div class='ocr_carea' id='block_1_2' title="bbox 312 645 1804 3891">
    <p class='ocr_par' dir='ltr' id='par_1_2' title="bbox 312 645 1720 731">
     <span class='ocr_line' id='line_1_2' title="bbox 312 645 1720 731; baseline -0.009 -11"><span class='ocrx_word' id='word_1_2' title='bbox 312 663 345 720; x_wconf 86' lang='grc'><strong>5.</strong></span> <span class='ocrx_word' id='word_1_3' title='bbox 374 657 440 716; x_wconf 77' lang='grc'><strong>115.</strong></span> <span class='ocrx_word' id='word_1_4' title='bbox 460 647 563 712; x_wconf 87' lang='lat' dir='ltr'><strong>utilia</strong></span> <span class='ocrx_word' id='word_1_5' title='bbox 582 653 641 710; x_wconf 89' lang='lat' dir='ltr'><strong>aut</strong></span> <span class='ocrx_word' id='word_1_6' title='bbox 659 645 958 712; x_wconf 76' lang='lat' dir='ltr'><strong>benevolentiae.</strong></span> <span class='ocrx_word' id='word_1_7' title='bbox 981 645 1139 710; x_wconf 65' lang='grc'><strong>55111151</strong></span> <span class='ocrx_word' id='word_1_8' title='bbox 1160 645 1317 710; x_wconf 86' lang='lat' dir='ltr'><strong>sinistros</strong></span> <span class='ocrx_word' id='word_1_9' title='bbox 1337 651 1470 731; x_wconf 84' lang='lat' dir='ltr'><strong>montes</strong></span> <span class='ocrx_word' id='word_1_10' title='bbox 1492 653 1527 710; x_wconf 88' lang='lat' dir='ltr'><strong>et</strong></span> <span class='ocrx_word' id='word_1_11' title='bbox 1545 666 1566 709; x_wconf 84' lang='lat' dir='ltr'><strong>a</strong></span> <span class='ocrx_word' id='word_1_12' title='bbox 1583 649 1720 712; x_wconf 81' lang='lat' dir='ltr'><strong>dextera</strong></span> 
     </span>
    </p>

    <p class='ocr_par' dir='ltr' id='par_1_3' title="bbox 314 750 1724 843">
     <span class='ocr_line' id='line_1_3' title="bbox 314 750 1724 843; baseline -0.004 -22"><span class='ocrx_word' id='word_1_13' title='bbox 314 777 401 843; x_wconf 91' lang='lat' dir='ltr'><strong>rupe</strong></span> <span class='ocrx_word' id='word_1_14' title='bbox 423 775 542 841; x_wconf 87' lang='lat' dir='ltr'><strong>aspera</strong></span> <span class='ocrx_word' id='word_1_15' title='bbox 561 767 594 821; x_wconf 90' lang='grc'><strong>5.</strong></span> <span class='ocrx_word' id='word_1_16' title='bbox 615 775 644 834; x_wconf 81' lang='lat'><strong>7.</strong></span> <span class='ocrx_word' id='word_1_17' title='bbox 677 753 898 817; x_wconf 83' lang='lat' dir='ltr'><strong>vehementer</strong></span> <span class='ocrx_word' id='word_1_18' title='bbox 919 771 1015 816; x_wconf 88' lang='lat' dir='ltr'><strong>carus</strong></span> <span class='ocrx_word' id='word_1_19' title='bbox 1037 787 1080 802; x_wconf 85' lang='lat'><strong>--</strong></span> <span class='ocrx_word' id='word_1_20' title='bbox 1103 751 1252 816; x_wconf 83' lang='lat' dir='ltr'><strong>maximo</strong></span> <span class='ocrx_word' id='word_1_21' title='bbox 1276 750 1400 816; x_wconf 89' lang='lat' dir='ltr'><strong>terrori</strong></span> <span class='ocrx_word' id='word_1_22' title='bbox 1423 767 1470 827; x_wconf 82' lang='lat'><strong>¹4·</strong></span> <span class='ocrx_word' id='word_1_23' title='bbox 1498 750 1539 812; x_wconf 91' lang='lat' dir='ltr'><strong>in</strong></span> <span class='ocrx_word' id='word_1_24' title='bbox 1559 753 1724 816; x_wconf 84' lang='lat' dir='ltr'><strong>omnibus</strong></span> 
     </span>
    </p>

    <p class='ocr_par' dir='ltr' id='par_1_4' title="bbox 314 856 1804 3891">
     <span class='ocr_line' id='line_1_4' title="bbox 314 856 1747 947; baseline -0.003 -22"><span class='ocrx_word' id='word_1_25' title='bbox 314 862 418 926; x_wconf 91' lang='lat' dir='ltr'><strong>bellis</strong></span> <span class='ocrx_word' id='word_1_26' title='bbox 437 899 478 916; x_wconf 87' lang='lat'>-</span> <span class='ocrx_word' id='word_1_27' title='bbox 497 881 560 947; x_wconf 88' lang='lat' dir='ltr'><strong>per</strong></span> <span class='ocrx_word' id='word_1_28' title='bbox 580 859 691 924; x_wconf 90' lang='lat' dir='ltr'><strong>otium</strong></span> <span class='ocrx_word' id='word_1_29' title='bbox 707 859 744 920; x_wconf 87' lang='lat' dir='ltr'><strong>C.</strong></span> <span class='ocrx_word' id='word_1_30' title='bbox 766 879 796 940; x_wconf 88' lang='lat'><strong>9.</strong></span> <span class='ocrx_word' id='word_1_31' title='bbox 821 858 861 921; x_wconf 88' lang='lat' dir='ltr'><strong>in</strong></span> <span class='ocrx_word' id='word_1_32' title='bbox 878 856 1057 943; x_wconf 86' lang='lat' dir='ltr'><strong>suppliciis</strong></span> <span class='ocrx_word' id='word_1_33' title='bbox 1076 892 1118 910; x_wconf 84' lang='lat'><strong>-·</strong></span> <span class='ocrx_word' id='word_1_34' title='bbox 1137 857 1315 944; x_wconf 86' lang='lat' dir='ltr'><strong>magnifici</strong></span> <span class='ocrx_word' id='word_1_35' title='bbox 1327 895 1369 910; x_wconf 93' lang='lat'>-</span> <span class='ocrx_word' id='word_1_36' title='bbox 1388 857 1486 920; x_wconf 87' lang='lat' dir='ltr'><strong>domi</strong></span> <span class='ocrx_word' id='word_1_37' title='bbox 1507 857 1604 942; x_wconf 86' lang='lat' dir='ltr'><strong>parci</strong></span> <span class='ocrx_word' id='word_1_38' title='bbox 1619 891 1662 908; x_wconf 90' lang='lat'><strong>·-</strong></span> <span class='ocrx_word' id='word_1_39' title='bbox 1682 858 1722 920; x_wconf 87' lang='lat' dir='ltr'><strong>iu</strong></span> <span class='ocrx_word' id='word_1_40' title='bbox 1743 937 1747 944; x_wconf 90' lang='lat'><strong>.</strong></span> 
     </span>
     <span class='ocr_line' id='line_1_5' title="bbox 316 963 1755 1047; baseline -0.004 -16"><span class='ocrx_word' id='word_1_41' title='bbox 316 968 442 1032; x_wconf 82' lang='lat' dir='ltr'><strong>amicos</strong></span> <span class='ocrx_word' id='word_1_42' title='bbox 461 966 581 1032; x_wconf 86' lang='lat' dir='ltr'><strong>fideles</strong></span> <span class='ocrx_word' id='word_1_43' title='bbox 596 979 626 1032; x_wconf 86' lang='lat' dir='ltr'><strong>J.</strong></span> <span class='ocrx_word' id='word_1_44' title='bbox 645 987 674 1046; x_wconf 91' lang='lat'><strong>7.</strong></span> <span class='ocrx_word' id='word_1_45' title='bbox 696 963 787 1028; x_wconf 89' lang='lat' dir='ltr'><strong>dolis</strong></span> <span class='ocrx_word' id='word_1_46' title='bbox 803 984 923 1047; x_wconf 88' lang='lat' dir='ltr'><strong>-per</strong></span> <span class='ocrx_word' id='word_1_47' title='bbox 943 964 1016 1027; x_wconf 86' lang='lat' dir='ltr'><strong>vim</strong></span> <span class='ocrx_word' id='word_1_48' title='bbox 1035 963 1083 1024; x_wconf 87' lang='lat' dir='ltr'><strong>ib.</strong></span> <span class='ocrx_word' id='word_1_49' title='bbox 1102 964 1223 1027; x_wconf 83' lang='lat' dir='ltr'><strong>labore</strong></span> <span class='ocrx_word' id='word_1_50' title='bbox 1243 999 1285 1016; x_wconf 93' lang='lat'><em>-</em></span> <span class='ocrx_word' id='word_1_51' title='bbox 1305 967 1460 1047; x_wconf 89' lang='lat' dir='ltr'><strong>parendo</strong></span> <span class='ocrx_word' id='word_1_52' title='bbox 1479 980 1509 1042; x_wconf 80' lang='grc'><strong>4.</strong></span> <span class='ocrx_word' id='word_1_53' title='bbox 1531 981 1644 1044; x_wconf 87' lang='lat' dir='ltr'><strong>neque</strong></span> <span class='ocrx_word' id='word_1_54' title='bbox 1660 978 1724 1045; x_wconf 86' lang='lat' dir='ltr'><strong>per</strong></span> <span class='ocrx_word' id='word_1_55' title='bbox 1751 996 1755 1004; x_wconf 58' lang='lat'>2</span> 
     </span>
     <span class='ocr_line' id='line_1_6' title="bbox 316 1066 1725 1154; baseline -0.003 -18"><span class='ocrx_word' id='word_1_56' title='bbox 316 1073 436 1146; x_wconf 84' lang='lat' dir='ltr'><strong>vim-</strong></span> <span class='ocrx_word' id='word_1_57' title='bbox 445 1091 556 1154; x_wconf 88' lang='lat' dir='ltr'><strong>neque</strong></span> <span class='ocrx_word' id='word_1_58' title='bbox 564 1071 702 1136; x_wconf 88' lang='lat' dir='ltr'><strong>insidiis</strong></span> <span class='ocrx_word' id='word_1_59' title='bbox 711 1070 759 1134; x_wconf 89' lang='lat' dir='ltr'><strong>ib.</strong></span> <span class='ocrx_word' id='word_1_60' title='bbox 772 1093 796 1131; x_wconf 90' lang='lat'><strong>1.</strong></span> <span class='ocrx_word' id='word_1_61' title='bbox 808 1069 987 1134; x_wconf 89' lang='lat' dir='ltr'><strong>imbecilla</strong></span> <span class='ocrx_word' id='word_1_62' title='bbox 996 1077 1098 1150; x_wconf 86' lang='lat' dir='ltr'><strong>atque</strong></span> <span class='ocrx_word' id='word_1_63' title='bbox 1107 1069 1171 1134; x_wconf 77' lang='lat' dir='ltr'><strong>aevi</strong></span> <span class='ocrx_word' id='word_1_64' title='bbox 1187 1069 1301 1133; x_wconf 88' lang='lat' dir='ltr'><strong>brevis</strong></span> <span class='ocrx_word' id='word_1_65' title='bbox 1308 1073 1359 1146; x_wconf 76' lang='lat'><strong>46.</strong></span> <span class='ocrx_word' id='word_1_66' title='bbox 1370 1070 1510 1133; x_wconf 85' lang='lat' dir='ltr'><strong>avidum</strong></span> <span class='ocrx_word' id='word_1_67' title='bbox 1522 1103 1565 1144; x_wconf 90' lang='lat'><strong>·.···</strong></span> <span class='ocrx_word' id='word_1_68' title='bbox 1578 1066 1725 1153; x_wconf 87' lang='lat' dir='ltr'><strong>ingenio</strong></span> 
     </span>
     <span class='ocr_line' id='line_1_7' title="bbox 318 1173 1726 1262; baseline -0.003 -21"><span class='ocrx_word' id='word_1_69' title='bbox 318 1179 463 1256; x_wconf 86' lang='lat' dir='ltr'><strong>mobili,</strong></span> <span class='ocrx_word' id='word_1_70' title='bbox 480 1178 630 1240; x_wconf 90' lang='lat' dir='ltr'><strong>infidum</strong></span> <span class='ocrx_word' id='word_1_71' title='bbox 648 1178 697 1250; x_wconf 77' lang='lat' dir='ltr'><strong>dl.</strong></span> <span class='ocrx_word' id='word_1_72' title='bbox 717 1178 824 1239; x_wconf 89' lang='lat' dir='ltr'><strong>homo</strong></span> <span class='ocrx_word' id='word_1_73' title='bbox 842 1175 976 1258; x_wconf 83' lang='lat' dir='ltr'><strong>inanis,</strong></span> <span class='ocrx_word' id='word_1_74' title='bbox 999 1183 1033 1239; x_wconf 87' lang='lat' dir='ltr'><strong>et</strong></span> <span class='ocrx_word' id='word_1_75' title='bbox 1056 1175 1160 1262; x_wconf 75' lang='lat' dir='ltr'><strong>regiae</strong></span> <span class='ocrx_word' id='word_1_76' title='bbox 1179 1174 1347 1260; x_wconf 69' lang='lat' dir='ltr'><strong>superbie</strong></span> <span class='ocrx_word' id='word_1_77' title='bbox 1366 1198 1415 1257; x_wconf 88' lang='lat'><strong>70.</strong></span> <span class='ocrx_word' id='word_1_78' title='bbox 1450 1177 1545 1242; x_wconf 88' lang='lat' dir='ltr'><strong>hom.</strong></span> <span class='ocrx_word' id='word_1_79' title='bbox 1566 1173 1726 1238; x_wconf 89' lang='lat' dir='ltr'><strong>nobilem</strong></span> 
     </span>
     <span class='ocr_line' id='line_1_8' title="bbox 318 1277 1726 1369; baseline -0.002 -23"><span class='ocrx_word' id='word_1_80' title='bbox 318 1319 359 1336; x_wconf 93' lang='lat'><em>-</em></span> <span class='ocrx_word' id='word_1_81' title='bbox 375 1283 508 1369; x_wconf 83' lang='lat' dir='ltr'><strong>magnis</strong></span> <span class='ocrx_word' id='word_1_82' title='bbox 523 1284 649 1368; x_wconf 88' lang='lat' dir='ltr'><strong>opibus</strong></span> <span class='ocrx_word' id='word_1_83' title='bbox 668 1283 704 1344; x_wconf 87' lang='lat' dir='ltr'><strong>G.</strong></span> <span class='ocrx_word' id='word_1_84' title='bbox 715 1284 764 1344; x_wconf 83' lang='lat'><strong>25.</strong></span> <span class='ocrx_word' id='word_1_85' title='bbox 783 1283 884 1345; x_wconf 86' lang='lat' dir='ltr'><strong>docta</strong></span> <span class='ocrx_word' id='word_1_86' title='bbox 896 1281 1022 1344; x_wconf 88' lang='lat' dir='ltr'><strong>litteris</strong></span> <span class='ocrx_word' id='word_1_87' title='bbox 1035 1315 1078 1333; x_wconf 89' lang='lat'><strong>-··</strong></span> <span class='ocrx_word' id='word_1_88' title='bbox 1094 1283 1295 1366; x_wconf 83' lang='lat' dir='ltr'><strong>psallere·</strong></span> <span class='ocrx_word' id='word_1_89' title='bbox 1308 1283 1417 1346; x_wconf 90' lang='lat' dir='ltr'><strong>multa</strong></span> <span class='ocrx_word' id='word_1_90' title='bbox 1438 1281 1518 1349; x_wconf 91' lang='lat' dir='ltr'><strong>alia.</strong></span> <span class='ocrx_word' id='word_1_91' title='bbox 1535 1277 1567 1346; x_wconf 88' lang='lat' dir='ltr'><strong>J.</strong></span> <span class='ocrx_word' id='word_1_92' title='bbox 1585 1283 1635 1364; x_wconf 84' lang='lat'><strong>78.</strong></span> <span class='ocrx_word' id='word_1_93' title='bbox 1660 1282 1726 1344; x_wconf 87' lang='lat' dir='ltr'><strong>im-</strong></span> 
     </span>
     <span class='ocr_line' id='line_1_9' title="bbox 318 1382 1726 1475; baseline -0.002 -22"><span class='ocrx_word' id='word_1_94' title='bbox 318 1411 416 1473; x_wconf 85' lang='lat' dir='ltr'><strong>pares</strong></span> <span class='ocrx_word' id='word_1_95' title='bbox 432 1390 672 1475; x_wconf 74' lang='lat' dir='ltr'><strong>magnitudine</strong></span> <span class='ocrx_word' id='word_1_96' title='bbox 691 1422 732 1440; x_wconf 87' lang='lat'><em>-</em></span> <span class='ocrx_word' id='word_1_97' title='bbox 751 1386 828 1470; x_wconf 88' lang='lat' dir='ltr'><strong>pari</strong></span> <span class='ocrx_word' id='word_1_98' title='bbox 843 1394 965 1450; x_wconf 82' lang='lat' dir='ltr'><strong>natura</strong></span> <span class='ocrx_word' id='word_1_99' title='bbox 981 1382 1003 1451; x_wconf 92' lang='lat' dir='ltr'><strong>J</strong></span> <span class='ocrx_word' id='word_1_100' title='bbox 1006 1430 1013 1448; x_wconf 91' lang='lat'><strong>.</strong></span> <span class='ocrx_word' id='word_1_101' title='bbox 1028 1389 1076 1454; x_wconf 81' lang='lat'><strong>52.</strong></span> <span class='ocrx_word' id='word_1_102' title='bbox 1098 1387 1167 1472; x_wconf 89' lang='lat' dir='ltr'><strong>ipsi</strong></span> <span class='ocrx_word' id='word_1_103' title='bbox 1183 1397 1492 1474; x_wconf 83' lang='lat' dir='ltr'><strong>pares-ceterum</strong></span> <span class='ocrx_word' id='word_1_104' title='bbox 1509 1387 1634 1472; x_wconf 88' lang='lat' dir='ltr'><strong>opibus</strong></span> <span class='ocrx_word' id='word_1_105' title='bbox 1654 1387 1726 1450; x_wconf 88' lang='lat' dir='ltr'><strong>dis-</strong></span> 
     </span>
     <span class='ocr_line' id='line_1_10' title="bbox 320 1492 1728 1580; baseline 0.001 -24"><span class='ocrx_word' id='word_1_106' title='bbox 320 1495 461 1577; x_wconf 82' lang='lat' dir='ltr'><strong>paribus</strong></span> <span class='ocrx_word' id='word_1_107' title='bbox 487 1498 522 1558; x_wconf 76' lang='grc'><strong>0.</strong></span> <span class='ocrx_word' id='word_1_108' title='bbox 552 1516 600 1574; x_wconf 84' lang='lat'><strong>¹7·</strong></span> <span class='ocrx_word' id='word_1_109' title='bbox 630 1494 764 1557; x_wconf 89' lang='lat' dir='ltr'><strong>incerta</strong></span> <span class='ocrx_word' id='word_1_110' title='bbox 781 1511 845 1577; x_wconf 88' lang='lat' dir='ltr'><strong>pro</strong></span> <span class='ocrx_word' id='word_1_111' title='bbox 866 1492 987 1570; x_wconf 87' lang='lat' dir='ltr'><strong>certis,</strong></span> <span class='ocrx_word' id='word_1_112' title='bbox 1014 1493 1149 1557; x_wconf 89' lang='lat' dir='ltr'><strong>bellum</strong></span> <span class='ocrx_word' id='word_1_113' title='bbox 1176 1514 1280 1578; x_wconf 83' lang='lat' dir='ltr'><strong>quam</strong></span> <span class='ocrx_word' id='word_1_114' title='bbox 1305 1515 1426 1580; x_wconf 82' lang='lat' dir='ltr'><strong>pacem</strong></span> <span class='ocrx_word' id='word_1_115' title='bbox 1460 1495 1644 1558; x_wconf 88' lang='lat' dir='ltr'><strong>malebant.</strong></span> <span class='ocrx_word' id='word_1_116' title='bbox 1673 1497 1728 1573; x_wconf 70' lang='grc'><strong>57.</strong></span> 
     </span>
     <span class='ocr_line' id='line_1_11' title="bbox 320 1599 1730 1694; baseline 0.002 -33"><span class='ocrx_word' id='word_1_117' title='bbox 320 1600 480 1665; x_wconf 85' lang='lat' dir='ltr'><strong>homines</strong></span> <span class='ocrx_word' id='word_1_118' title='bbox 498 1607 651 1685; x_wconf 76' lang='lat' dir='ltr'><strong>egentes,</strong></span> <span class='ocrx_word' id='word_1_119' title='bbox 673 1599 774 1662; x_wconf 89' lang='lat' dir='ltr'><strong>malis</strong></span> <span class='ocrx_word' id='word_1_120' title='bbox 791 1599 949 1694; x_wconf 75' lang='lat' dir='ltr'><strong>moribus</strong></span> <span class='ocrx_word' id='word_1_121' title='bbox 970 1599 1018 1661; x_wconf 91' lang='lat' dir='ltr'><strong>ib.</strong></span> <span class='ocrx_word' id='word_1_122' title='bbox 1035 1601 1098 1681; x_wconf 88' lang='lat' dir='ltr'><strong>qui</strong></span> <span class='ocrx_word' id='word_1_123' title='bbox 1118 1603 1340 1684; x_wconf 73' lang='lat' dir='ltr'><strong>praestabant-3</strong></span> <span class='ocrx_word' id='word_1_124' title='bbox 1363 1638 1405 1654; x_wconf 92' lang='lat'>-</span> <span class='ocrx_word' id='word_1_125' title='bbox 1425 1601 1488 1664; x_wconf 87' lang='lat' dir='ltr'><strong>alii</strong></span> <span class='ocrx_word' id='word_1_126' title='bbox 1507 1599 1730 1684; x_wconf 80' lang='lat' dir='ltr'><strong>patrimoniis</strong></span> 
     </span>
     <span class='ocr_line' id='line_1_12' title="bbox 322 1707 1731 1791; baseline 0.001 -23"><span class='ocrx_word' id='word_1_127' title='bbox 322 1707 456 1768; x_wconf 91' lang='lat' dir='ltr'><strong>omissis</strong></span> <span class='ocrx_word' id='word_1_128' title='bbox 470 1741 511 1760; x_wconf 80' lang='lat'>-</span> <span class='ocrx_word' id='word_1_129' title='bbox 524 1715 697 1791; x_wconf 90' lang='lat' dir='ltr'><strong>postremo</strong></span> <span class='ocrx_word' id='word_1_130' title='bbox 715 1725 833 1770; x_wconf 86' lang='lat' dir='ltr'><strong>ornnes</strong></span> <span class='ocrx_word' id='word_1_131' title='bbox 850 1742 894 1759; x_wconf 93' lang='lat'><em>-</em></span> <span class='ocrx_word' id='word_1_132' title='bbox 912 1725 999 1788; x_wconf 89' lang='lat' dir='ltr'><strong>quos</strong></span> <span class='ocrx_word' id='word_1_133' title='bbox 1016 1718 1048 1775; x_wconf 84' lang='lat' dir='ltr'><strong>J.</strong></span> <span class='ocrx_word' id='word_1_134' title='bbox 1063 1723 1112 1769; x_wconf 75' lang='lat' dir='ltr'><strong>aa.</strong></span> <span class='ocrx_word' id='word_1_135' title='bbox 1127 1725 1241 1788; x_wconf 86' lang='lat' dir='ltr'><strong>neque</strong></span> <span class='ocrx_word' id='word_1_136' title='bbox 1255 1714 1401 1770; x_wconf 85' lang='lat' dir='ltr'><strong>recte-</strong></span> <span class='ocrx_word' id='word_1_137' title='bbox 1425 1723 1537 1788; x_wconf 87' lang='lat' dir='ltr'><strong>neque</strong></span> <span class='ocrx_word' id='word_1_138' title='bbox 1553 1725 1618 1789; x_wconf 88' lang='lat' dir='ltr'><strong>pro</strong></span> <span class='ocrx_word' id='word_1_139' title='bbox 1633 1707 1731 1770; x_wconf 92' lang='lat' dir='ltr'><strong>bono</strong></span> 
     </span>
     <span class='ocr_line' id='line_1_13' title="bbox 320 1811 1732 1900; baseline 0.001 -29"><span class='ocrx_word' id='word_1_140' title='bbox 320 1811 369 1873; x_wconf 91' lang='lat' dir='ltr'><strong>ib.</strong></span> <span class='ocrx_word' id='word_1_141' title='bbox 386 1811 431 1873; x_wconf 94' lang='lat' dir='ltr'><strong>ob</strong></span> <span class='ocrx_word' id='word_1_142' title='bbox 454 1815 590 1878; x_wconf 87' lang='lat' dir='ltr'><strong>easdem</strong></span> <span class='ocrx_word' id='word_1_143' title='bbox 604 1813 686 1877; x_wconf 87' lang='lat' dir='ltr'><strong>artis</strong></span> <span class='ocrx_word' id='word_1_144' title='bbox 702 1851 744 1868; x_wconf 88' lang='lat'>-</span> <span class='ocrx_word' id='word_1_145' title='bbox 766 1811 1732 1900; x_wconf 53' lang='grc' dir='ltr'><strong>11019111111656.10111111111111115111οοὶ11515·</strong></span> 
     </span>
     <span class='ocr_line' id='line_1_14' title="bbox 321 1912 1732 2001; baseline 0 -23"><span class='ocrx_word' id='word_1_146' title='bbox 321 1917 481 1980; x_wconf 88' lang='lat' dir='ltr'><strong>homines</strong></span> <span class='ocrx_word' id='word_1_147' title='bbox 504 1919 654 2001; x_wconf 85' lang='lat' dir='ltr'><strong>nobiles,</strong></span> <span class='ocrx_word' id='word_1_148' title='bbox 678 1917 802 1998; x_wconf 89' lang='lat' dir='ltr'><strong>amplis</strong></span> <span class='ocrx_word' id='word_1_149' title='bbox 823 1913 1028 1978; x_wconf 87' lang='lat' dir='ltr'><strong>honoribus.</strong></span> <span class='ocrx_word' id='word_1_150' title='bbox 1049 1921 1099 1985; x_wconf 79' lang='grc'><strong>84.</strong></span> <span class='ocrx_word' id='word_1_151' title='bbox 1118 1912 1303 1994; x_wconf 75' lang='lat' dir='ltr'><strong>plerosque</strong></span> <span class='ocrx_word' id='word_1_152' title='bbox 1323 1913 1475 1990; x_wconf 77' lang='lat' dir='ltr'><strong>militia,</strong></span> <span class='ocrx_word' id='word_1_153' title='bbox 1495 1933 1623 1998; x_wconf 84' lang='lat' dir='ltr'><strong>paucos</strong></span> <span class='ocrx_word' id='word_1_154' title='bbox 1639 1914 1732 1978; x_wconf 83' lang='lat' dir='ltr'><strong>fama</strong></span> 
     </span>
     <span class='ocr_line' id='line_1_15' title="bbox 323 2016 1731 2103; baseline 0.001 -23"><span class='ocrx_word' id='word_1_155' title='bbox 323 2019 479 2103; x_wconf 74' lang='lat' dir='ltr'><strong>cognitos</strong></span> <span class='ocrx_word' id='word_1_156' title='bbox 502 2022 612 2083; x_wconf 89' lang='lat' dir='ltr'><strong>accire</strong></span> <span class='ocrx_word' id='word_1_157' title='bbox 635 2023 671 2082; x_wconf 88' lang='lat' dir='ltr'><strong>C.</strong></span> <span class='ocrx_word' id='word_1_158' title='bbox 691 2023 740 2082; x_wconf 88' lang='lat'><strong>16.</strong></span> <span class='ocrx_word' id='word_1_159' title='bbox 761 2020 980 2081; x_wconf 87' lang='lat' dir='ltr'><strong>commodare</strong></span> <span class='ocrx_word' id='word_1_160' title='bbox 1003 2023 1103 2081; x_wconf 84' lang='lat' dir='ltr'><strong>testes</strong></span> <span class='ocrx_word' id='word_1_161' title='bbox 1122 2051 1166 2068; x_wconf 91' lang='lat'>-</span> <span class='ocrx_word' id='word_1_162' title='bbox 1183 2016 1270 2080; x_wconf 85' lang='lat' dir='ltr'><strong>vilia</strong></span> <span class='ocrx_word' id='word_1_163' title='bbox 1287 2016 1416 2080; x_wconf 87' lang='lat' dir='ltr'><strong>habere</strong></span> <span class='ocrx_word' id='word_1_164' title='bbox 1440 2027 1473 2082; x_wconf 90' lang='grc'><strong>5.</strong></span> <span class='ocrx_word' id='word_1_165' title='bbox 1491 2021 1542 2080; x_wconf 81' lang='grc'><strong>31.</strong></span> <span class='ocrx_word' id='word_1_166' title='bbox 1562 2017 1731 2082; x_wconf 84' lang='lat' dir='ltr'><strong>occidisse</strong></span> 
     </span>
     <span class='ocr_line' id='line_1_16' title="bbox 322 2119 1732 2208; baseline 0.006 -29"><span class='ocrx_word' id='word_1_167' title='bbox 322 2125 591 2204; x_wconf 76' lang='lat' dir='ltr'><strong>..quaestiones</strong></span> <span class='ocrx_word' id='word_1_168' title='bbox 624 2124 768 2201; x_wconf 87' lang='lat' dir='ltr'><strong>injustas</strong></span> <span class='ocrx_word' id='word_1_169' title='bbox 805 2123 894 2208; x_wconf 89' lang='lat' dir='ltr'><strong>(scil.</strong></span> <span class='ocrx_word' id='word_1_170' title='bbox 925 2142 991 2206; x_wconf 89' lang='lat' dir='ltr'><strong>pro</strong></span> <span class='ocrx_word' id='word_1_171' title='bbox 1022 2121 1241 2185; x_wconf 89' lang='lat' dir='ltr'><strong>munimento</strong></span> <span class='ocrx_word' id='word_1_172' title='bbox 1272 2119 1419 2206; x_wconf 86' lang='lat' dir='ltr'><strong>habent)</strong></span> <span class='ocrx_word' id='word_1_173' title='bbox 1449 2123 1485 2184; x_wconf 79' lang='lat' dir='ltr'><strong>G.</strong></span> <span class='ocrx_word' id='word_1_174' title='bbox 1511 2143 1540 2204; x_wconf 83' lang='lat'><strong>9.</strong></span> <span class='ocrx_word' id='word_1_175' title='bbox 1571 2122 1610 2184; x_wconf 88' lang='lat' dir='ltr'><strong>iu</strong></span> <span class='ocrx_word' id='word_1_176' title='bbox 1634 2124 1732 2188; x_wconf 91' lang='lat' dir='ltr'><strong>bello</strong></span> 
     </span>
     <span class='ocr_line' id='line_1_17' title="bbox 323 2223 1731 2314; baseline 0.002 -25"><span class='ocrx_word' id='word_1_177' title='bbox 323 2261 365 2284; x_wconf 84' lang='lat'><strong>-</strong></span> <span class='ocrx_word' id='word_1_178' title='bbox 384 2227 447 2290; x_wconf 92' lang='lat' dir='ltr'><strong>ubi</strong></span> <span class='ocrx_word' id='word_1_179' title='bbox 461 2248 528 2312; x_wconf 82' lang='lat' dir='ltr'><strong>pax</strong></span> <span class='ocrx_word' id='word_1_180' title='bbox 545 2239 712 2292; x_wconf 85' lang='lat' dir='ltr'><strong>evenerat.</strong></span> <span class='ocrx_word' id='word_1_181' title='bbox 732 2239 760 2292; x_wconf 85' lang='lat' dir='ltr'><strong>J.</strong></span> <span class='ocrx_word' id='word_1_182' title='bbox 777 2231 826 2292; x_wconf 88' lang='grc'><strong>88.</strong></span> <span class='ocrx_word' id='word_1_183' title='bbox 849 2228 1133 2314; x_wconf 74' lang='lat' dir='ltr'><strong>gloriosa-neque</strong></span> <span class='ocrx_word' id='word_1_184' title='bbox 1151 2223 1239 2290; x_wconf 90' lang='lat' dir='ltr'><strong>belli</strong></span> <span class='ocrx_word' id='word_1_185' title='bbox 1252 2227 1460 2312; x_wconf 78' lang='lat' dir='ltr'><strong>patrandi-</strong></span> <span class='ocrx_word' id='word_1_186' title='bbox 1473 2229 1524 2304; x_wconf 72' lang='lat'><strong>84.</strong></span> <span class='ocrx_word' id='word_1_187' title='bbox 1546 2231 1731 2314; x_wconf 84' lang='lat' dir='ltr'><strong>magnifica</strong></span> 
     </span>
     <span class='ocr_line' id='line_1_18' title="bbox 324 2332 1804 2417; baseline 0.003 -22"><span class='ocrx_word' id='word_1_188' title='bbox 324 2352 389 2417; x_wconf 87' lang='lat' dir='ltr'><strong>pro</strong></span> <span class='ocrx_word' id='word_1_189' title='bbox 416 2354 451 2396; x_wconf 90' lang='lat' dir='ltr'><strong>se</strong></span> <span class='ocrx_word' id='word_1_190' title='bbox 481 2342 514 2397; x_wconf 88' lang='lat' dir='ltr'><strong>et</strong></span> <span class='ocrx_word' id='word_1_191' title='bbox 539 2335 613 2397; x_wconf 86' lang='lat' dir='ltr'><strong>illis</strong></span> <span class='ocrx_word' id='word_1_192' title='bbox 635 2335 789 2399; x_wconf 76' lang='lat' dir='ltr'><strong>dolentia</strong></span> <span class='ocrx_word' id='word_1_193' title='bbox 818 2337 868 2416; x_wconf 84' lang='lat'><strong>89.</strong></span> <span class='ocrx_word' id='word_1_194' title='bbox 894 2354 968 2398; x_wconf 87' lang='lat' dir='ltr'><strong>rem</strong></span> <span class='ocrx_word' id='word_1_195' title='bbox 996 2352 1067 2396; x_wconf 92' lang='lat' dir='ltr'><strong>non</strong></span> <span class='ocrx_word' id='word_1_196' title='bbox 1097 2335 1212 2396; x_wconf 87' lang='lat' dir='ltr'><strong>eadem</strong></span> <span class='ocrx_word' id='word_1_197' title='bbox 1241 2332 1437 2416; x_wconf 86' lang='lat' dir='ltr'><strong>asperitate,</strong></span> <span class='ocrx_word' id='word_1_198' title='bbox 1461 2341 1613 2398; x_wconf 89' lang='lat' dir='ltr'><strong>ceterum</strong></span> <span class='ocrx_word' id='word_1_199' title='bbox 1633 2337 1731 2400; x_wconf 90' lang='lat' dir='ltr'><strong>baud-</strong></span> <span class='ocrx_word' id='word_1_200' title='bbox 1801 2351 1804 2358; x_wconf 57' lang='lat'>¹</span> 
     </span>
     <span class='ocr_line' id='line_1_19' title="bbox 326 2437 1732 2524; baseline 0.003 -22"><span class='ocrx_word' id='word_1_201' title='bbox 326 2458 422 2503; x_wconf 88' lang='lat' dir='ltr'><strong>secus</strong></span> <span class='ocrx_word' id='word_1_202' title='bbox 439 2437 617 2504; x_wconf 90' lang='lat' dir='ltr'><strong>difficilem</strong></span> <span class='ocrx_word' id='word_1_203' title='bbox 633 2457 683 2521; x_wconf 83' lang='lat'><strong>29.</strong></span> <span class='ocrx_word' id='word_1_204' title='bbox 703 2441 838 2504; x_wconf 88' lang='lat' dir='ltr'><strong>locutus</strong></span> <span class='ocrx_word' id='word_1_205' title='bbox 859 2442 905 2504; x_wconf 90' lang='lat' dir='ltr'><strong>de-</strong></span> <span class='ocrx_word' id='word_1_206' title='bbox 916 2438 1051 2502; x_wconf 83' lang='lat' dir='ltr'><strong>invidia</strong></span> <span class='ocrx_word' id='word_1_207' title='bbox 1064 2437 1163 2514; x_wconf 86' lang='lat' dir='ltr'><strong>facti,</strong></span> <span class='ocrx_word' id='word_1_208' title='bbox 1178 2439 1344 2520; x_wconf 89' lang='lat' dir='ltr'><strong>atqueuti</strong></span> <span class='ocrx_word' id='word_1_209' title='bbox 1357 2439 1418 2504; x_wconf 86' lang='lat' dir='ltr'><strong>cfr.</strong></span> <span class='ocrx_word' id='word_1_210' title='bbox 1430 2461 1480 2524; x_wconf 82' lang='lat'><strong>70·</strong></span> <span class='ocrx_word' id='word_1_211' title='bbox 1494 2463 1521 2503; x_wconf 84' lang='lat'><strong>1.</strong></span> <span class='ocrx_word' id='word_1_212' title='bbox 1543 2445 1587 2506; x_wconf 91' lang='lat' dir='ltr'><strong>de</strong></span> <span class='ocrx_word' id='word_1_213' title='bbox 1609 2453 1732 2506; x_wconf 82' lang='lat' dir='ltr'><strong>nature</strong></span> 
     </span>
     <span class='ocr_line' id='line_1_20' title="bbox 326 2544 1731 2632; baseline 0.001 -24"><span class='ocrx_word' id='word_1_214' title='bbox 326 2547 500 2630; x_wconf 80' lang='lat' dir='ltr'><strong>queritur,</strong></span> <span class='ocrx_word' id='word_1_215' title='bbox 520 2549 615 2629; x_wconf 91' lang='lat' dir='ltr'><strong>quod</strong></span> <span class='ocrx_word' id='word_1_216' title='bbox 631 2549 680 2622; x_wconf 78' lang='lat'><strong>46.</strong></span> <span class='ocrx_word' id='word_1_217' title='bbox 701 2547 764 2610; x_wconf 89' lang='lat' dir='ltr'><strong>ubi</strong></span> <span class='ocrx_word' id='word_1_218' title='bbox 783 2547 913 2632; x_wconf 83' lang='lat' dir='ltr'><strong>accepit</strong></span> <span class='ocrx_word' id='word_1_219' title='bbox 929 2583 971 2600; x_wconf 90' lang='lat'><em>-</em></span> <span class='ocrx_word' id='word_1_220' title='bbox 990 2545 1095 2609; x_wconf 87' lang='lat' dir='ltr'><strong>simul</strong></span> <span class='ocrx_word' id='word_1_221' title='bbox 1116 2544 1243 2610; x_wconf 89' lang='lat' dir='ltr'><strong>certior</strong></span> <span class='ocrx_word' id='word_1_222' title='bbox 1253 2545 1362 2609; x_wconf 89' lang='lat' dir='ltr'><strong>factus</strong></span> <span class='ocrx_word' id='word_1_223' title='bbox 1385 2550 1435 2611; x_wconf 84' lang='grc'><strong>65.</strong></span> <span class='ocrx_word' id='word_1_224' title='bbox 1456 2548 1590 2632; x_wconf 83' lang='lat' dir='ltr'><strong>petenti</strong></span> <span class='ocrx_word' id='word_1_225' title='bbox 1602 2555 1642 2612; x_wconf 91' lang='lat' dir='ltr'><strong>ut</strong></span> <span class='ocrx_word' id='word_1_226' title='bbox 1663 2547 1731 2612; x_wconf 86' lang='lat' dir='ltr'><strong>sel·</strong></span> 
     </span>
     <span class='ocr_line' id='line_1_21' title="bbox 326 2652 1733 2738; baseline 0.001 -24"><span class='ocrx_word' id='word_1_227' title='bbox 326 2653 399 2714; x_wconf 84' lang='lat' dir='ltr'><strong>lam</strong></span> <span class='ocrx_word' id='word_1_228' title='bbox 415 2693 455 2710; x_wconf 89' lang='grc'><strong>.-</strong></span> <span class='ocrx_word' id='word_1_229' title='bbox 474 2654 556 2716; x_wconf 91' lang='lat' dir='ltr'><strong>item</strong></span> <span class='ocrx_word' id='word_1_230' title='bbox 576 2656 792 2718; x_wconf 73' lang='lat' dir='ltr'><strong>turmamo8.</strong></span> <span class='ocrx_word' id='word_1_231' title='bbox 821 2654 860 2716; x_wconf 88' lang='lat' dir='ltr'><strong>in</strong></span> <span class='ocrx_word' id='word_1_232' title='bbox 885 2653 1033 2718; x_wconf 81' lang='lat' dir='ltr'><strong>Consule</strong></span> <span class='ocrx_word' id='word_1_233' title='bbox 1058 2653 1159 2716; x_wconf 82' lang='lat' dir='ltr'><strong>bonae</strong></span> <span class='ocrx_word' id='word_1_234' title='bbox 1184 2663 1273 2717; x_wconf 87' lang='lat' dir='ltr'><strong>artes</strong></span> <span class='ocrx_word' id='word_1_235' title='bbox 1294 2652 1465 2714; x_wconf 79' lang='lat' dir='ltr'><strong>animi-</strong></span> <span class='ocrx_word' id='word_1_236' title='bbox 1483 2654 1637 2738; x_wconf 82' lang='lat' dir='ltr'><strong>patiens,</strong></span> <span class='ocrx_word' id='word_1_237' title='bbox 1660 2655 1733 2718; x_wconf 86' lang='lat' dir='ltr'><strong>acri</strong></span> 
     </span>
     <span class='ocr_line' id='line_1_22' title="bbox 327 2753 1735 2843; baseline 0.005 -25"><span class='ocrx_word' id='word_1_238' title='bbox 327 2756 471 2843; x_wconf 84' lang='lat' dir='ltr'><strong>ingenio</strong></span> <span class='ocrx_word' id='word_1_239' title='bbox 510 2768 572 2821; x_wconf 92' lang='lat' dir='ltr'><strong>etc.</strong></span> <span class='ocrx_word' id='word_1_240' title='bbox 607 2766 657 2822; x_wconf 85' lang='lat'><strong>25.</strong></span> <span class='ocrx_word' id='word_1_241' title='bbox 697 2761 879 2824; x_wconf 85' lang='lat' dir='ltr'><strong>censebant</strong></span> <span class='ocrx_word' id='word_1_242' title='bbox 914 2759 1195 2821; x_wconf 82' lang='lat' dir='ltr'><strong>subveniundum</strong></span> <span class='ocrx_word' id='word_1_243' title='bbox 1228 2793 1271 2810; x_wconf 86' lang='lat'>-</span> <span class='ocrx_word' id='word_1_244' title='bbox 1312 2757 1453 2820; x_wconf 84' lang='lat' dir='ltr'><strong>interim</strong></span> <span class='ocrx_word' id='word_1_245' title='bbox 1482 2759 1536 2820; x_wconf 83' lang='lat' dir='ltr'><strong>uti</strong></span> <span class='ocrx_word' id='word_1_246' title='bbox 1574 2777 1625 2827; x_wconf 78' lang='lat' dir='ltr'><strong>ro.</strong></span> <span class='ocrx_word' id='word_1_247' title='bbox 1679 2753 1735 2825; x_wconf 73' lang='lat' dir='ltr'><strong>res</strong></span> 
     </span>
     <span class='ocr_line' id='line_1_23' title="bbox 328 2861 1738 2948; baseline 0.004 -26"><span class='ocrx_word' id='word_1_248' title='bbox 328 2861 368 2926; x_wconf 86' lang='lat' dir='ltr'><strong>in</strong></span> <span class='ocrx_word' id='word_1_249' title='bbox 387 2863 502 2925; x_wconf 79' lang='lat' dir='ltr'><strong>Africa</strong></span> <span class='ocrx_word' id='word_1_250' title='bbox 522 2874 632 2948; x_wconf 86' lang='lat' dir='ltr'><strong>gestas</strong></span> <span class='ocrx_word' id='word_1_251' title='bbox 647 2883 786 2946; x_wconf 85' lang='lat' dir='ltr'><strong>quoque</strong></span> <span class='ocrx_word' id='word_1_252' title='bbox 802 2867 907 2928; x_wconf 92' lang='lat' dir='ltr'><strong>modo</strong></span> <span class='ocrx_word' id='word_1_253' title='bbox 925 2875 1007 2928; x_wconf 84' lang='lat' dir='ltr'><strong>actae</strong></span> <span class='ocrx_word' id='word_1_254' title='bbox 1027 2863 1158 2942; x_wconf 86' lang='lat' dir='ltr'><strong>forent,</strong></span> <span class='ocrx_word' id='word_1_255' title='bbox 1176 2861 1268 2922; x_wconf 80' lang='lat' dir='ltr'><strong>fama</strong></span> <span class='ocrx_word' id='word_1_256' title='bbox 1285 2861 1477 2942; x_wconf 83' lang='lat' dir='ltr'><strong>divolgavit</strong></span> <span class='ocrx_word' id='word_1_257' title='bbox 1498 2867 1547 2924; x_wconf 82' lang='grc'><strong>51.</strong></span> <span class='ocrx_word' id='word_1_258' title='bbox 1568 2882 1651 2947; x_wconf 90' lang='lat' dir='ltr'><strong>opes</strong></span> <span class='ocrx_word' id='word_1_259' title='bbox 1667 2865 1738 2930; x_wconf 87' lang='lat' dir='ltr'><strong>fac-</strong></span> 
     </span>
     <span class='ocr_line' id='line_1_24' title="bbox 328 2963 1736 3054; baseline 0.003 -27"><span class='ocrx_word' id='word_1_260' title='bbox 328 2966 486 3030; x_wconf 88' lang='lat' dir='ltr'><strong>tionis-</strong></span> <span class='ocrx_word' id='word_1_261' title='bbox 496 2977 607 3030; x_wconf 81' lang='lat' dir='ltr'><strong>vestra</strong></span> <span class='ocrx_word' id='word_1_262' title='bbox 620 2969 834 3050; x_wconf 87' lang='lat' dir='ltr'><strong>patientia-</strong></span> <span class='ocrx_word' id='word_1_263' title='bbox 838 2966 895 3044; x_wconf 90' lang='lat' dir='ltr'><strong>jus</strong></span> <span class='ocrx_word' id='word_1_264' title='bbox 910 2966 1057 3044; x_wconf 90' lang='lat' dir='ltr'><strong>nullum,</strong></span> <span class='ocrx_word' id='word_1_265' title='bbox 1073 2985 1111 3028; x_wconf 89' lang='lat' dir='ltr'><strong>ac</strong></span> <span class='ocrx_word' id='word_1_266' title='bbox 1126 2963 1485 3048; x_wconf 64' lang='lat' dir='ltr'><strong>maximequod-dq.</strong></span> <span class='ocrx_word' id='word_1_267' title='bbox 1508 2987 1614 3047; x_wconf 87' lang='lat' dir='ltr'><strong>quum</strong></span> <span class='ocrx_word' id='word_1_268' title='bbox 1629 2989 1736 3054; x_wconf 88' lang='lat' dir='ltr'><strong>prop-</strong></span> 
     </span>
     <span class='ocr_line' id='line_1_25' title="bbox 330 3062 1739 3150; baseline 0.001 -16"><span class='ocrx_word' id='word_1_269' title='bbox 330 3081 382 3135; x_wconf 90' lang='lat' dir='ltr'><strong>ter</strong></span> <span class='ocrx_word' id='word_1_270' title='bbox 402 3091 501 3134; x_wconf 91' lang='lat' dir='ltr'><strong>usum</strong></span> <span class='ocrx_word' id='word_1_271' title='bbox 525 3070 628 3145; x_wconf 88' lang='lat' dir='ltr'><strong>belli,</strong></span> <span class='ocrx_word' id='word_1_272' title='bbox 649 3077 723 3132; x_wconf 90' lang='lat' dir='ltr'><strong>tum</strong></span> <span class='ocrx_word' id='word_1_273' title='bbox 744 3070 828 3150; x_wconf 87' lang='lat' dir='ltr'><strong>quia</strong></span> <span class='ocrx_word' id='word_1_274' title='bbox 847 3089 900 3131; x_wconf 89' lang='lat' dir='ltr'><strong>res</strong></span> <span class='ocrx_word' id='word_1_275' title='bbox 925 3069 972 3129; x_wconf 91' lang='lat' dir='ltr'><strong>ib.</strong></span> <span class='ocrx_word' id='word_1_276' title='bbox 996 3069 1093 3130; x_wconf 89' lang='lat' dir='ltr'><strong>cibus</strong></span> <span class='ocrx_word' id='word_1_277' title='bbox 1114 3062 1280 3131; x_wconf 60' lang='lat' dir='ltr'><strong>adversus.</strong></span> <span class='ocrx_word' id='word_1_278' title='bbox 1294 3067 1420 3134; x_wconf 85' lang='lat' dir='ltr'><strong>famem</strong></span> <span class='ocrx_word' id='word_1_279' title='bbox 1436 3106 1479 3138; x_wconf 82' lang='grc'><strong>,-</strong></span> <span class='ocrx_word' id='word_1_280' title='bbox 1500 3091 1573 3135; x_wconf 90' lang='lat' dir='ltr'><strong>non</strong></span> <span class='ocrx_word' id='word_1_281' title='bbox 1593 3072 1739 3139; x_wconf 87' lang='lat' dir='ltr'><strong>libidini</strong></span> 
     </span>
     <span class='ocr_line' id='line_1_26' title="bbox 330 3175 1740 3254; baseline 0.004 -16"><span class='ocrx_word' id='word_1_282' title='bbox 330 3178 374 3238; x_wconf 91' lang='lat' dir='ltr'><strong>H.</strong></span> <span class='ocrx_word' id='word_1_283' title='bbox 397 3181 426 3238; x_wconf 84' lang='grc'><strong>8.</strong></span> <span class='ocrx_word' id='word_1_284' title='bbox 451 3194 499 3237; x_wconf 79' lang='lat' dir='ltr'><strong>rr.</strong></span> <span class='ocrx_word' id='word_1_285' title='bbox 521 3195 592 3237; x_wconf 91' lang='lat' dir='ltr'><strong>non</strong></span> <span class='ocrx_word' id='word_1_286' title='bbox 616 3192 711 3237; x_wconf 86' lang='lat' dir='ltr'><strong>arma</strong></span> <span class='ocrx_word' id='word_1_287' title='bbox 737 3175 881 3236; x_wconf 89' lang='lat' dir='ltr'><strong>censebo</strong></span> <span class='ocrx_word' id='word_1_288' title='bbox 900 3207 943 3225; x_wconf 88' lang='lat'><strong>·-</strong></span> <span class='ocrx_word' id='word_1_289' title='bbox 963 3176 1023 3236; x_wconf 92' lang='lat' dir='ltr'><strong>sed</strong></span> <span class='ocrx_word' id='word_1_290' title='bbox 1040 3194 1084 3236; x_wconf 90' lang='lat' dir='ltr'><strong>ne</strong></span> <span class='ocrx_word' id='word_1_291' title='bbox 1103 3189 1196 3236; x_wconf 81' lang='grc'><strong>-“1.</strong></span> <span class='ocrx_word' id='word_1_292' title='bbox 1219 3195 1267 3254; x_wconf 88' lang='grc'><strong>19.</strong></span> <span class='ocrx_word' id='word_1_293' title='bbox 1290 3194 1392 3239; x_wconf 80' lang='lat' dir='ltr'><strong>arma</strong></span> <span class='ocrx_word' id='word_1_294' title='bbox 1406 3180 1592 3243; x_wconf 78' lang='lat' dir='ltr'><strong>advorsum</strong></span> <span class='ocrx_word' id='word_1_295' title='bbox 1619 3181 1740 3246; x_wconf 87' lang='lat' dir='ltr'><strong>diviua</strong></span> 
     </span>
     <span class='ocr_line' id='line_1_27' title="bbox 331 3279 1740 3366; baseline 0.006 -24"><span class='ocrx_word' id='word_1_296' title='bbox 331 3288 394 3342; x_wconf 90' lang='lat' dir='ltr'><strong>etc.</strong></span> <span class='ocrx_word' id='word_1_297' title='bbox 415 3279 562 3363; x_wconf 83' lang='lat' dir='ltr'><strong>cepit-</strong></span> <span class='ocrx_word' id='word_1_298' title='bbox 585 3298 655 3343; x_wconf 90' lang='lat' dir='ltr'><strong>non</strong></span> <span class='ocrx_word' id='word_1_299' title='bbox 672 3297 736 3363; x_wconf 91' lang='lat' dir='ltr'><strong>pro</strong></span> <span class='ocrx_word' id='word_1_300' title='bbox 761 3297 822 3342; x_wconf 90' lang='lat' dir='ltr'><strong>sua</strong></span> <span class='ocrx_word' id='word_1_301' title='bbox 844 3288 905 3341; x_wconf 87' lang='lat' dir='ltr'><strong>aut</strong></span> <span class='ocrx_word' id='word_1_302' title='bbox 928 3297 1076 3360; x_wconf 88' lang='lat' dir='ltr'><strong>quorum</strong></span> <span class='ocrx_word' id='word_1_303' title='bbox 1099 3279 1239 3342; x_wconf 88' lang='lat' dir='ltr'><strong>simulat</strong></span> <span class='ocrx_word' id='word_1_304' title='bbox 1258 3282 1402 3366; x_wconf 75' lang='lat' dir='ltr'><strong>injuria,</strong></span> <span class='ocrx_word' id='word_1_305' title='bbox 1429 3286 1546 3346; x_wconf 80' lang='lat' dir='ltr'><strong>sed-</strong></span> <span class='ocrx_word' id='word_1_306' title='bbox 1569 3286 1740 3350; x_wconf 84' lang='lat' dir='ltr'><strong>libertatis</strong></span> 
     </span>
     <span class='ocr_line' id='line_1_28' title="bbox 332 3384 1738 3469; baseline 0.004 -20"><span class='ocrx_word' id='word_1_307' title='bbox 332 3387 574 3449; x_wconf 85' lang='lat' dir='ltr'><strong>subvortundae</strong></span> <span class='ocrx_word' id='word_1_308' title='bbox 585 3397 614 3451; x_wconf 97' lang='grc'><strong>5.</strong></span> <span class='ocrx_word' id='word_1_309' title='bbox 627 3401 693 3446; x_wconf 81' lang='lat' dir='ltr'><strong>roa.</strong></span> <span class='ocrx_word' id='word_1_310' title='bbox 713 3384 843 3469; x_wconf 89' lang='lat' dir='ltr'><strong>populo</strong></span> <span class='ocrx_word' id='word_1_311' title='bbox 853 3384 1271 3449; x_wconf 84' lang='lat' dir='ltr'><strong>Romano-tutiusrisum:</strong></span> <span class='ocrx_word' id='word_1_312' title='bbox 1291 3388 1358 3450; x_wconf 87' lang='lat' dir='ltr'><strong>rati</strong></span> <span class='ocrx_word' id='word_1_313' title='bbox 1371 3391 1510 3450; x_wconf 85' lang='lat' dir='ltr'><strong>etc.108.</strong></span> <span class='ocrx_word' id='word_1_314' title='bbox 1527 3400 1644 3453; x_wconf 90' lang='lat' dir='ltr'><strong>orator</strong></span> <span class='ocrx_word' id='word_1_315' title='bbox 1655 3393 1738 3455; x_wconf 86' lang='lat' dir='ltr'><strong>mis-</strong></span> 
     </span>
     <span class='ocr_line' id='line_1_29' title="bbox 332 3490 1741 3575; baseline 0.003 -21"><span class='ocrx_word' id='word_1_316' title='bbox 332 3511 389 3554; x_wconf 90' lang='lat' dir='ltr'><strong>sus</strong></span> <span class='ocrx_word' id='word_1_317' title='bbox 404 3498 437 3554; x_wconf 91' lang='lat' dir='ltr'><strong>et</strong></span> <span class='ocrx_word' id='word_1_318' title='bbox 447 3491 592 3554; x_wconf 92' lang='lat' dir='ltr'><strong>subdole</strong></span> <span class='ocrx_word' id='word_1_319' title='bbox 603 3491 815 3575; x_wconf 89' lang='lat' dir='ltr'><strong>speculatum</strong></span> <span class='ocrx_word' id='word_1_320' title='bbox 823 3492 866 3553; x_wconf 89' lang='lat' dir='ltr'><strong>H.</strong></span> <span class='ocrx_word' id='word_1_321' title='bbox 878 3492 903 3551; x_wconf 93' lang='grc' dir='ltr'><strong>Ι.</strong></span> <span class='ocrx_word' id='word_1_322' title='bbox 918 3493 964 3562; x_wconf 81' lang='grc'><strong>15.</strong></span> <span class='ocrx_word' id='word_1_323' title='bbox 974 3490 1060 3572; x_wconf 78' lang='lat' dir='ltr'><strong>quid</strong></span> <span class='ocrx_word' id='word_1_324' title='bbox 1071 3490 1248 3554; x_wconf 89' lang='lat' dir='ltr'><strong>defensum</strong></span> <span class='ocrx_word' id='word_1_325' title='bbox 1262 3502 1310 3557; x_wconf 88' lang='lat' dir='ltr'><strong>est</strong></span> <span class='ocrx_word' id='word_1_326' title='bbox 1326 3493 1471 3555; x_wconf 87' lang='lat' dir='ltr'><strong>aliud-</strong></span> <span class='ocrx_word' id='word_1_327' title='bbox 1487 3498 1741 3575; x_wconf 85' lang='lat' dir='ltr'><strong>quamsedes-</strong></span> 
     </span>
     <span class='ocr_line' id='line_1_30' title="bbox 335 3594 1739 3683; baseline 0.001 -23"><span class='ocrx_word' id='word_1_328' title='bbox 335 3618 404 3661; x_wconf 92' lang='lat' dir='ltr'><strong>neu</strong></span> <span class='ocrx_word' id='word_1_329' title='bbox 414 3598 470 3662; x_wconf 89' lang='lat' dir='ltr'><strong>cui</strong></span> <span class='ocrx_word' id='word_1_330' title='bbox 483 3606 593 3662; x_wconf 89' lang='lat' dir='ltr'><strong>etc.--</strong></span> <span class='ocrx_word' id='word_1_331' title='bbox 605 3602 634 3662; x_wconf 82' lang='lat'><strong>3.</strong></span> <span class='ocrx_word' id='word_1_332' title='bbox 649 3615 697 3660; x_wconf 80' lang='lat' dir='ltr'><strong>aa.</strong></span> <span class='ocrx_word' id='word_1_333' title='bbox 709 3599 818 3660; x_wconf 88' lang='lat' dir='ltr'><strong>ultum</strong></span> <span class='ocrx_word' id='word_1_334' title='bbox 827 3594 972 3676; x_wconf 88' lang='lat' dir='ltr'><strong>injurias</strong></span> <span class='ocrx_word' id='word_1_335' title='bbox 983 3597 1153 3664; x_wconf 85' lang='lat' dir='ltr'><strong>hortor-</strong></span> <span class='ocrx_word' id='word_1_336' title='bbox 1164 3598 1269 3683; x_wconf 85' lang='lat' dir='ltr'><strong>magis</strong></span> <span class='ocrx_word' id='word_1_337' title='bbox 1280 3597 1333 3661; x_wconf 91' lang='lat' dir='ltr'><strong>uti</strong></span> <span class='ocrx_word' id='word_1_338' title='bbox 1343 3608 1375 3664; x_wconf 93' lang='grc'><strong>5.</strong></span> <span class='ocrx_word' id='word_1_339' title='bbox 1386 3603 1437 3662; x_wconf 82' lang='grc'><strong>55.</strong></span> <span class='ocrx_word' id='word_1_340' title='bbox 1450 3599 1530 3664; x_wconf 90' lang='lat' dir='ltr'><strong>duci</strong></span> <span class='ocrx_word' id='word_1_341' title='bbox 1540 3598 1739 3676; x_wconf 86' lang='lat' dir='ltr'><strong>jubebat·-</strong></span> 
     </span>
     <span class='ocr_line' id='line_1_31' title="bbox 335 3702 1741 3791; baseline -0.003 -23"><span class='ocrx_word' id='word_1_342' title='bbox 335 3708 539 3768; x_wconf 87' lang='lat' dir='ltr'><strong>sum&#39;endum</strong></span> <span class='ocrx_word' id='word_1_343' title='bbox 550 3741 595 3758; x_wconf 87' lang='lat'><strong>-.</strong></span> <span class='ocrx_word' id='word_1_344' title='bbox 612 3703 671 3766; x_wconf 89' lang='lat' dir='ltr'><strong>cfr.</strong></span> <span class='ocrx_word' id='word_1_345' title='bbox 687 3725 715 3766; x_wconf 91' lang='lat' dir='ltr'><strong>c.</strong></span> <span class='ocrx_word' id='word_1_346' title='bbox 736 3706 786 3766; x_wconf 83' lang='grc'><strong>58.</strong></span> <span class='ocrx_word' id='word_1_347' title='bbox 801 3704 861 3766; x_wconf 84' lang='lat' dir='ltr'><strong>fin.</strong></span> <span class='ocrx_word' id='word_1_348' title='bbox 878 3705 925 3765; x_wconf 80' lang='lat'><strong>25.</strong></span> <span class='ocrx_word' id='word_1_349' title='bbox 945 3703 1196 3767; x_wconf 83' lang='lat' dir='ltr'><strong>verbaiacit-</strong></span> <span class='ocrx_word' id='word_1_350' title='bbox 1212 3702 1741 3791; x_wconf 27' lang='lat' dir='ltr'><strong>missu-rum-praeterea-uti„</strong></span> 
     </span>
     <span class='ocr_line' id='line_1_32' title="bbox 337 3809 1739 3891; baseline -0.001 -17"><span class='ocrx_word' id='word_1_351' title='bbox 337 3812 516 3874; x_wconf 87' lang='lat' dir='ltr'><strong>decederet</strong></span> <span class='ocrx_word' id='word_1_352' title='bbox 525 3813 574 3873; x_wconf 75' lang='lat'><strong>25.</strong></span> <span class='ocrx_word' id='word_1_353' title='bbox 595 3810 726 3872; x_wconf 90' lang='lat' dir='ltr'><strong>litteras</strong></span> <span class='ocrx_word' id='word_1_354' title='bbox 745 3813 885 3873; x_wconf 91' lang='lat' dir='ltr'><strong>mittunt</strong></span> <span class='ocrx_word' id='word_1_355' title='bbox 897 3847 939 3862; x_wconf 90' lang='lat'>—</span> <span class='ocrx_word' id='word_1_356' title='bbox 959 3814 1096 3874; x_wconf 85' lang='lat' dir='ltr'><strong>accedat</strong></span> <span class='ocrx_word' id='word_1_357' title='bbox 1111 3845 1152 3862; x_wconf 90' lang='lat'><strong>·-</strong></span> <span class='ocrx_word' id='word_1_358' title='bbox 1177 3829 1280 3891; x_wconf 86' lang='lat' dir='ltr'><strong>seque</strong></span> <span class='ocrx_word' id='word_1_359' title='bbox 1309 3809 1439 3876; x_wconf 87' lang='lat' dir='ltr'><strong>missos.</strong></span> <span class='ocrx_word' id='word_1_360' title='bbox 1482 3815 1739 3891; x_wconf 84' lang='lat' dir='ltr'><strong>Nonnunquam</strong></span> 
     </span>
    </p>
   </div>
   <div class='ocr_carea' id='block_1_3' title="bbox 338 3914 1863 4001">
    <p class='ocr_par' dir='ltr' id='par_1_5' title="bbox 338 3914 1863 4001">
     <span class='ocr_line' id='line_1_33' title="bbox 338 3914 1863 4001; baseline 0.002 -23"><span class='ocrx_word' id='word_1_361' title='bbox 338 3918 457 3979; x_wconf 89' lang='lat' dir='ltr'><strong>cadem</strong></span> <span class='ocrx_word' id='word_1_362' title='bbox 478 3937 545 3980; x_wconf 79' lang='lat' dir='ltr'><strong>vox</strong></span> <span class='ocrx_word' id='word_1_363' title='bbox 564 3924 769 3978; x_wconf 84' lang='lat' dir='ltr'><strong>structuram</strong></span> <span class='ocrx_word' id='word_1_364' title='bbox 792 3924 917 3980; x_wconf 74' lang='lat' dir='ltr'><strong>mutate</strong></span> <span class='ocrx_word' id='word_1_365' title='bbox 935 3918 971 3979; x_wconf 90' lang='lat' dir='ltr'><strong>C.</strong></span> <span class='ocrx_word' id='word_1_366' title='bbox 990 3920 1041 3978; x_wconf 81' lang='lat'><strong>33.</strong></span> <span class='ocrx_word' id='word_1_367' title='bbox 1065 3923 1219 4000; x_wconf 83' lang='lat' dir='ltr'><strong>expertes</strong></span> <span class='ocrx_word' id='word_1_368' title='bbox 1237 3914 1330 3978; x_wconf 87' lang='lat' dir='ltr'><strong>fama</strong></span> <span class='ocrx_word' id='word_1_369' title='bbox 1346 3949 1385 3966; x_wconf 88' lang='lat'><em>-</em></span> <span class='ocrx_word' id='word_1_370' title='bbox 1406 3917 1526 4000; x_wconf 83' lang='lat' dir='ltr'><strong>patriae</strong></span> <span class='ocrx_word' id='word_1_371' title='bbox 1551 3929 1584 3984; x_wconf 88' lang='grc'><strong>5.</strong></span> <span class='ocrx_word' id='word_1_372' title='bbox 1605 3933 1655 4001; x_wconf 76' lang='grc'><strong>74.</strong></span> <span class='ocrx_word' id='word_1_373' title='bbox 1677 3919 1740 3981; x_wconf 80' lang='lat' dir='ltr'><strong>ali·</strong></span> <span class='ocrx_word' id='word_1_374' title='bbox 1860 3982 1863 3990; x_wconf 80' lang='grc'><strong>,</strong></span> 
     </span>
    </p>
   </div>
   <div class='ocr_carea' id='block_1_4' title="bbox 339 4021 1751 4426">
    <p class='ocr_par' dir='ltr' id='par_1_6' title="bbox 339 4021 1751 4426">
     <span class='ocr_line' id='line_1_34' title="bbox 339 4021 1743 4109; baseline 0.003 -25"><span class='ocrx_word' id='word_1_375' title='bbox 339 4033 468 4104; x_wconf 83' lang='lat' dir='ltr'><strong>quanto</strong></span> <span class='ocrx_word' id='word_1_376' title='bbox 489 4043 633 4086; x_wconf 91' lang='lat' dir='ltr'><strong>numero</strong></span> <span class='ocrx_word' id='word_1_377' title='bbox 651 4049 693 4076; x_wconf 57' lang='lat'><strong>³-</strong></span> <span class='ocrx_word' id='word_1_378' title='bbox 713 4023 865 4090; x_wconf 87' lang='lat' dir='ltr'><strong>hostium</strong></span> <span class='ocrx_word' id='word_1_379' title='bbox 879 4041 1068 4107; x_wconf 87' lang='lat' dir='ltr'><strong>paucorum</strong></span> <span class='ocrx_word' id='word_1_380' title='bbox 1090 4021 1194 4106; x_wconf 84' lang='lat' dir='ltr'><strong>potiti</strong></span> <span class='ocrx_word' id='word_1_381' title='bbox 1209 4057 1251 4074; x_wconf 90' lang='lat'><em>-</em></span> <span class='ocrx_word' id='word_1_382' title='bbox 1265 4025 1316 4099; x_wconf 65' lang='lat'><strong>64.</strong></span> <span class='ocrx_word' id='word_1_383' title='bbox 1338 4024 1556 4109; x_wconf 75' lang='lat' dir='ltr'><strong>pro-honore,</strong></span> <span class='ocrx_word' id='word_1_384' title='bbox 1566 4058 1609 4074; x_wconf 89' lang='lat'><strong>·-</strong></span> <span class='ocrx_word' id='word_1_385' title='bbox 1625 4033 1743 4088; x_wconf 87' lang='lat' dir='ltr'><strong>contra</strong></span> 
     </span>
     <span class='ocr_line' id='line_1_35' title="bbox 339 4128 1744 4214; baseline 0.003 -24"><span class='ocrx_word' id='word_1_386' title='bbox 339 4130 516 4192; x_wconf 92' lang='lat' dir='ltr'><strong>Metellum</strong></span> <span class='ocrx_word' id='word_1_387' title='bbox 533 4130 689 4192; x_wconf 90' lang='lat' dir='ltr'><strong>accendit</strong></span> <span class='ocrx_word' id='word_1_388' title='bbox 699 4131 799 4192; x_wconf 85' lang='lat'><strong>88.-</strong></span> <span class='ocrx_word' id='word_1_389' title='bbox 817 4150 881 4214; x_wconf 92' lang='lat' dir='ltr'><strong>pro</strong></span> <span class='ocrx_word' id='word_1_390' title='bbox 894 4129 1051 4193; x_wconf 89' lang='lat' dir='ltr'><strong>hostibus</strong></span> <span class='ocrx_word' id='word_1_391' title='bbox 1062 4137 1095 4191; x_wconf 89' lang='lat' dir='ltr'><strong>et</strong></span> <span class='ocrx_word' id='word_1_392' title='bbox 1103 4132 1285 4192; x_wconf 85' lang='lat' dir='ltr'><strong>advorsum</strong></span> <span class='ocrx_word' id='word_1_393' title='bbox 1299 4150 1334 4194; x_wconf 93' lang='lat' dir='ltr'><strong>se</strong></span> <span class='ocrx_word' id='word_1_394' title='bbox 1352 4139 1627 4213; x_wconf 77' lang='lat' dir='ltr'><strong>opportunaooo.</strong></span> <span class='ocrx_word' id='word_1_395' title='bbox 1646 4128 1744 4194; x_wconf 79' lang='lat' dir='ltr'><strong>Sulla</strong></span> 
     </span>
     <span class='ocr_line' id='line_1_36' title="bbox 341 4235 1750 4319; baseline -0.001 -22"><span class='ocrx_word' id='word_1_396' title='bbox 341 4256 419 4297; x_wconf 83' lang='lat' dir='ltr'><strong>eum</strong></span> <span class='ocrx_word' id='word_1_397' title='bbox 440 4236 592 4317; x_wconf 86' lang='lat' dir='ltr'><strong>equitatu</strong></span> <span class='ocrx_word' id='word_1_398' title='bbox 615 4238 706 4319; x_wconf 89' lang='lat' dir='ltr'><strong>apud</strong></span> <span class='ocrx_word' id='word_1_399' title='bbox 730 4238 907 4300; x_wconf 83' lang='lat' dir='ltr'><strong>dextumos</strong></span> <span class='ocrx_word' id='word_1_400' title='bbox 925 4275 967 4290; x_wconf 86' lang='lat'>-</span> <span class='ocrx_word' id='word_1_401' title='bbox 998 4236 1034 4297; x_wconf 91' lang='lat' dir='ltr'><strong>in</strong></span> <span class='ocrx_word' id='word_1_402' title='bbox 1052 4235 1188 4298; x_wconf 89' lang='lat' dir='ltr'><strong>sinistra</strong></span> <span class='ocrx_word' id='word_1_403' title='bbox 1202 4242 1299 4318; x_wconf 90' lang='lat' dir='ltr'><strong>parte</strong></span> <span class='ocrx_word' id='word_1_404' title='bbox 1323 4235 1370 4298; x_wconf 91' lang='lat' dir='ltr'><strong>M.</strong></span> <span class='ocrx_word' id='word_1_405' title='bbox 1390 4255 1468 4298; x_wconf 89' lang='lat' dir='ltr'><strong>cum</strong></span> <span class='ocrx_word' id='word_1_406' title='bbox 1487 4244 1549 4299; x_wconf 85' lang='lat' dir='ltr'><strong>etc.</strong></span> <span class='ocrx_word' id='word_1_407' title='bbox 1581 4241 1750 4317; x_wconf 75' lang='lat' dir='ltr'><strong>praeterea·</strong></span> 
     </span>
     <span class='ocr_line' id='line_1_37' title="bbox 342 4327 1751 4426; baseline -0.001 -22"><span class='ocrx_word' id='word_1_408' title='bbox 342 4342 498 4406; x_wconf 81' lang='lat' dir='ltr'><strong>cobortes</strong></span> <span class='ocrx_word' id='word_1_409' title='bbox 528 4343 696 4405; x_wconf 70' lang='lat' dir='ltr'><strong>curabat»</strong></span> <span class='ocrx_word' id='word_1_410' title='bbox 735 4343 819 4426; x_wconf 82' lang='lat' dir='ltr'><strong>Quae</strong></span> <span class='ocrx_word' id='word_1_411' title='bbox 862 4343 1004 4424; x_wconf 83' lang='lat' dir='ltr'><strong>quidem</strong></span> <span class='ocrx_word' id='word_1_412' title='bbox 1034 4327 1208 4409; x_wconf 70' lang='lat' dir='ltr'><strong>&#39;dictiones</strong></span> <span class='ocrx_word' id='word_1_413' title='bbox 1245 4341 1289 4406; x_wconf 84' lang='lat' dir='ltr'><strong>ad</strong></span> <span class='ocrx_word' id='word_1_414' title='bbox 1333 4339 1403 4406; x_wconf 87' lang='lat' dir='ltr'><strong>alia</strong></span> <span class='ocrx_word' id='word_1_415' title='bbox 1442 4341 1535 4404; x_wconf 86' lang='lat' dir='ltr'><strong>viam</strong></span> <span class='ocrx_word' id='word_1_416' title='bbox 1565 4337 1751 4416; x_wconf 59' lang='lat' dir='ltr'><strong>muniunt„</strong></span> 
     </span>
    </p>
   </div>
   <div class='ocr_carea' id='block_1_5' title="bbox 1393 4454 1441 4543">
    <p class='ocr_par' dir='ltr' id='par_1_7' title="bbox 1393 4454 1441 4543">
     <span class='ocr_line' id='line_1_38' title="bbox 1393 4454 1441 4543; baseline 0 -24"><span class='ocrx_word' id='word_1_417' title='bbox 1393 4454 1441 4543; x_wconf 74' lang='lat'><strong>42</strong></span> 
     </span>
    </p>
   </div>
   <div class='ocr_carea' id='block_1_6' title="bbox 0 0 2210 5354">
    <p class='ocr_par' dir='ltr' id='par_1_8' title="bbox 0 0 2210 5354">
     <span class='ocr_line' id='line_1_39' title="bbox 0 0 2210 5354; baseline 0 0"><span class='ocrx_word' id='word_1_418' title='bbox 0 0 2210 5354; x_wconf 95' lang='lat' dir='ltr'><strong> </strong></span> 
     </span>
    </p>
   </div>
  </div>
 </body>
</html>
