4230 5348
381 501 431 594 94

380 687 531 753 l‘uclusit.
561 666 655 753 idem
684 699 864 773 perperam
897 691 1034 750 cratera
1060 679 1224 749 defendit.
1257 720 1274 756 «
1291 680 1547 767 tlonj'ung'end'a'
1571 684 1666 748 enim
1694 690 1788 756 haec:

380 809 461 870 mox
488 795 519 859 si
535 803 646 859 vestra
665 791 881 878 receperitis,
902 793 949 854 ad
969 807 1030 854 vos
1050 787 1208 875 plerique
1229 789 1432 868 concedere
1453 787 1591 876 caetere',
1612 793 1635 855 i.
1657 813 1687 858 e.
1702 815 1787 861 aera.

378 901 491 981 rium,
512 917 633 983 regna,
658 899 847 982 provinciae
870 897 1082 962 validiorum
1098 903 1198 974 sunt,
1219 896 1254 958 h.
1276 913 1304 958 e.
1324 902 1452 980 vestra,
1474 900 1616 977 quando
1638 897 1690 961 ita
1707 901 1787 982 plus

376 1005 530 1070 valetis.»
548 1012 714 1087 praeterea
726 1013 830 1091 negat
851 1002 1070 1071 validiorum
1093 1007 1136 1068 de
1154 999 1273 1088 paucis
1289 999 1362 1064 illis
1376 1001 1555 1066 nobilibus
1577 1004 1646 1068 dici
1667 1025 1787 1089 posse;

376 1111 515 1195 aliaque
538 1111 637 1176 addit
662 1132 734 1177 nou
756 1111 879 1176 minus*
900 1111 1065 1186 absurda3
1090 1112 1150 1172 sed
1173 1110 1278 1192 plane
1307 1106 1460 1194 neglexit
1488 1108 1674 1195 explicare,
1698 1111 1786 1193 quid

374 1225 499 1282 uestra
509 1216 721 1303 significent,
742 1217 772 1281 si
790 1217 933 1300 quidem
944 1224 1078 1283 coetera
1093 1215 1389 1302 aerarium,regua‚
1407 1214 1682 1299 provinciaseto-
1693 1238 1788 1282 com-

374 1325 589 1409 plectuntur,
610 1327 671 1387 sed
685 1327 767 1388 haec‘
777 1327 895 1388 eadem
911 1333 1004 1407 sunt,
1026 1340 1140 1405 neque
1152 1328 1297 1407 possunt
1306 1320 1439 1405 opponi
1455 1327 1574 1386 vestra
1588 1328 1623 1386 et
1640 1328 1786 1386 coetera.

374 1430 516 1492 Accedit
542 1433 637 1510 quod
657 1425 855 1494 validiores
881 1431 919 1492 in
949 1429 1146 1492 universum
1163 1423 1396 1510 potentiores
1416 1427 1597 1510 dicuutur,
1628 1428 1667 1489 id
1692 1429 1789 1508 quod
1831 1447 1839 1462 ‘

374 1534 551 1599 neminem
572 1535 663 1618 fugit
671 1561 681 1610 3
714 1543 749 1598 et
776 1538 876 1615 quod·
899 1529 1027 1597 eoeteri
1048 1531 1208 1596 omnium
1236 1529 1410 1594 librorum
1437 1531 1543 1596 lectio
1574 1542 1641 1597 cst:
1672 1553 1787 1615 neque

374 1624 548 1714 editorum
575 1640 776 1720 conjecturae
797 1638 923 1724 optimi
939 1639 1104 1721 cujusque
1128 1637 1212 1699 libri
1232 1636 1471 1701 auctoritatem
1488 1636 1677 1704 infirmant.
1709 1646 1788 1706 Non
1891 1667 1894 1674 ⁴

373 1745 512 1808 nobiles
524 1745 617 1808 solos
635 1752 756 1814 auctor
776 1745 960 1831 intelligit,
981 1765 1084 1826 quem
1099 1762 1250 1809 errorem
1267 1741 1403 1804 Gortius
1422 1738 1492 1804 sibi
1504 1742 1707 1825 inculcavit3
1727 1749 1788 1811 sed

373 1845 457 1911 inde
476 1863 497 1909 a
514 1849 646 1912 verbis:
668 1849 782 1914 Raris
801 1848 897 1913 enim
914 1887 957 1902 -
973 1869 1082 1931 usque
1094 1851 1139 1910 ad
1151 1841 1374 1911 'validiorum
1388 1855 1498 1910 sunt»
1511 1855 1562 1912 est
1579 1851 1675 1914 locus
1692 1872 1786 1915 com-

372 1953 505 2038 munis,
531 1958 576 2017 ad
594 1955 713 2038 priora
735 1975 811 2037 quae
830 1955 981 2038 dixerat,
1009 1952 1257 2017 confirmanda.
1275 1953 1344 2015 Sed
1363 1971 1405 2018 eo
1425 1953 1488 2018 illc
1505 1962 1555 2018 est
1578 1953 1617 2017 in
1633 1975 1786 2022 errorem

371 2055 554 2140 inductus,
583 2063 680 2138 quod
702 2060 808 2123 verba
835 2057 936 2123 raris
956 2099 994 2112 -
1012 2056 1237 2146 defendenda
1259 2057 1398 2122 uncinis
1425 2058 1558 2123 inclusa
1587 2059 1785 2141 inveneratr

371 2163 467 2246 quod
495 2160 638 2240 quidem
666 2163 788 2234 credo,
808 2161 996 2243 Pomponii
1025 2163 1206 2226 inventum
1226 2173 1285 2228 cst.
1305 2165 1466 2244 Denique
1488 2163 1568 2241 jure
1594 2167 1785 2254 quaesieris,

257 2329 264 2342 ,
370 2267 548 2346 quomodo
561 2271 685 2327 oestro
703 2273 738 2327 et
757 2271 893 2328 caetero
904 2254 974 2329 ¹sibi
996 2267 1130 2351 opponi
1144 2267 1300 2351 possint?
1321 2275 1445 2331 oestro
1455 2269 1554 2332 enirn
1574 2289 1651 2351 quae
1665 2274 1787 2336 dicun·
1838 2279 1841 2282 ’

369 2376 442 2454 tur,
468 2370 642 2452 siquidem
666 2377 803 2435 caetera
824 2372 1004 2448 aerarium,
1024 2373 1230 2453 provinciae,
1249 2390 1357 2453 regna
1382 2373 1603 2456 significant?
1623 2379 1690 2440 Sed
1713 2381 1786 2445 haec
1832 2411 1836 2422 =

369 2475 445 2558 ipsa
460 2477 587 2563 populi
607 2483 723 2550 erant,
745 2475 875 2552 quippe
895 2474 958 2547 qui
972 2473 1090 2529 omnia
1101 2471 1264 2564 beneficii
1279 2471 1358 2528 loco
1377 2470 1416 2527 in
1434 2475 1524 2534 bene
1545 2481 1687 2544 meritos
1700 2503 1787 2547 con·

368 2579 466 2644 ferat.
486 2584 608 2657 Itaque
623 2585 656 2638 et
664 2573 768 2634 lectio
782 2569 887 2650 quam
895 2570 1031 2632 Cortius
1039 2569 1184 2652 recepit,
1206 2577 1240 2632 et
1250 2568 1323 2646 ejus
1332 2569 1570 2655 interpretatio
1582 2581 1785 2666 improban-

370 2685 416 2744 da
427 2690 486 2741 est.
500 2683 564 2741 An
572 2675 720 2739 dubium
729 2671 880 2755 habetis,
888 2695 943 2737 ue.
959 2677 1040 2742 Duo
1047 2672 1208 2738 Vaticani
1218 2675 1491 2760 nostri‚Balliol.
1500 2683 1675 2752 Carrionis
1681 2691 1784 2777 libri,

369 2786 442 2846 imo
455 2799 575 2843 omnes
586 2781 695 2841 Codd.
712 2769 950 2859 credosuum.
972 2781 1067 2858 quod
1079 2787 1115 2840 et
1131 2777 1245 2861 ipsum
1258 2780 1395 2847 Cortius
1407 2784 1543 2873 rejecit,
1564 2799 1598 2854 et
1614 2792 1785 2860 dubitare

368 2887 516 2953 aeidem
528 2884 600 2947 fere
611 2903 650 2946 ac
659 2879 884 2946 timerenein
892 2883 1147 2947 constructione
1157 2903 1237 2967 esse,
1245 2890 1537 2973 exemplisparum
1546 2896 1683 2961 idoneis
1691 2922 1785 2965 com-

367 2986 1783 3088 probarestuduit.Sedvisnegative,quameditoresnereceptoefficerevolueruut‚

369 3100 461 3160 inest
480 3097 518 3155 in
532 3095 607 3176 ipsa
619 3093 911 3178 interrogatione,
930 3090 981 3155 ita
994 3101 1033 3156 ut
1050 3113 1123 3157 non
1148 3114 1235 3178 opus
1252 3096 1313 3178 sit,
1327 3117 1457 3162 novum
1480 3101 1625 3184 aliquod
1641 3106 1783 3172 dicendi
1857 3111 1859 3114 ’

368 3220 478 3288 genus
488 3187 650 3262 statuere?
663 3197 822 3261 omniurn
832 3197 1122 3282 igiturlibrorum
1133 3199 1238 3261 lectio
1249 3201 1460 3268 restituenda
1469 3214 1530 3270 est.
1541 3205 1726 3300 nisiforte
1741 3213 1783 3282 C.

370 3303 487 3372 Cotta
496 3304 577 3368 vide
588 3325 692 3388 supra
703 3327 737 3387 p.
755 3306 803 3365 16.
823 3303 867 3368 L.
876 3297 1036 3366 Sicinius
1045 3299 1192 3384 primus
1209 3299 1253 3366 de
1259 3313 1449 3386 potestate
1463 3310 1666 3381 tribunicia
1679 3321 1783 3402 loqur

369 3430 492 3472 ausus.
507 3409 641 3493 primus
654 3409 798 3490 quidem
816 3406 900 3490 fuit,
921 3414 1061 3471 auctore
1081 3409 1230 3471 Asconio
1245 3413 1436 3476 Commeat.
1454 3415 1493 3476 in
1510 3418 1646 3482 Cornel.
1666 3421 1726 3487 fin.
1746 3447 1781 3509 p.

370 3532 439 3593 142.
459 3515 514 3580 M.
527 3511 732 3598 ‘Terpolius
748 3515 804 3578 vel
823 3515 877 3579 M.
898 3509 1106 3595 Trapellius
1125 3512 1241 3607 (loeus
1261 3514 1354 3576 enim
1366 3519 1554 3583 admodum
1568 3529 1781 3610 corruptum)
1831 3533 1834 3548 '

368 3621 429 3685 sed
447 3620 547 3683 nulla
565 3619 638 3698 ejus
654 3619 694 3681 fit
712 3618 862 3704 mentio,
884 3622 979 3701 quod
1000 3618 1167 3682 Cicerone
1189 3627 1273 3682 teste
1291 3619 1365 3698 ejus
1393 3641 1521 3686 nomen
1554 3627 1699 3705 ejectum
1729 3640 1781 3696 est

369 3746 411 3791 ex
429 3725 490 3802 iis,
512 3726 574 3808 qui
590 3724 723 3789 tribuni
739 3726 854 3809 plebis
872 3724 1027 3808 fuerant,
1047 3725 1127 3789 vide
1142 3727 1167 3787 1.
1187 3725 1214 3786 1.
1233 3726 1437 3792 Dehrossius
1458 3727 1647 3813 Turpilius
1662 3757 1779 3802 ernen-

369 3830 546 3895 davitcfr.
567 3832 656 3895 Hist.
676 3835 719 3895 R.
737 3834 780 3893 R.
799 3833 826 3894 I.
845 3855 880 3916 p.
900 3833 973 3894 530.
999 3826 1248 3895 mussantibus
1271 3828 1372 3895 vobis
1393 3832 1475 3897 vide
1489 3854 1597 3921 supra
1621 3844 1662 3903 ad
1684 3844 1779 3906 Orat.

368 3938 460 3999 Phil.
477 3935 582 4000 initio
597 3934 863 4002 circumventus
877 3945 960 4001 erat
975 3936 1001 4000 i.
1013 3957 1042 4001 e.
1056 3937 1189 4001 occisus
1202 3946 1284 4000 erat.
1306 3937 1366 4000 cfr.
1376 3959 1481 4022 supra
1489 3963 1522 4024 p.
1542 3946 1587 4006 15.
1604 3942 1778 4014 invidiam

370 4045 537 4103 mutuare
553 4045 629 4104 Vat.
651 4065 677 4102 ι.
699 4042 747 4106 id.
767 4045 888 4107 Bruto
914 4047 949 4106 et
967 4043 1158 4114 Mamerco
1181 4041 1282 4110 Coss.
1300 4080 1343 4094 -
1363 4043 1506 4123 omisso,
1527 4053 1622 4129 quod
1641 4051 1705 4114 alii
1721 4052 1779 4112 in-

368 4151 558 4230 terponunt
571 4143 743 4229 Aemilio,
749 4168 866 4229 neque
877 4155 1160 4232 consentaneum,
1181 4169 1260 4211 cum
1269 4148 1411 4214 alterius
1424 4170 1615 4236 cognomen
1626 4174 1776 4220 comme-

269 4251 273 4262 '
369 4259 549 4338 mouisset,
571 4250 713 4315 alterius
728 4272 857 4319 nornen
871 4254 1002 4340 gentile
1014 4256 1149 4318 addere.
1170 4249 1209 4318 in
1223 4255 1267 4320 L.
1283 4255 1498 4336 Quinctium
1518 4293 1560 4309 -
1580 4256 1774 4342 Quintium

370 4355 445 4423 vat.
469 4378 497 4420 r.
516 4357 628 4442 Quam
644 4376 824 4444 perversus
844 4369 879 4426 et
899 4363 1012 4423 audax
1030 4361 1186 4426 homoL
1204 4361 1387 4446 Quinctius
1407 4361 1527 4450 luerit,
1547 4366 1720 4452 precipue
1733 4387 1775 4434 ex
1810 4393 1813 4398 ¹
