4282 5390
1712 466 1755 518 21

432 634 475 702 In
497 631 670 719 Hispania
690 629 824 696 bellum
845 635 884 695 ut
898 631 1034 698 minore
1056 645 1228 718 successu,
1248 633 1304 703 ita,
1317 625 1467 734 atrocius
1483 637 1627 724 gestum.
1645 635 1759 704 Serto-

340 740 444 826 ·nius,
461 759 542 813 anm
555 737 806 803 exercitatiores
821 736 975 804 bostium
993 739 1099 823 copiae
1109 759 1174 804 usu
1190 748 1224 803 et
1243 738 1424 824 disciplina
1437 742 1476 806 in
1490 740 1631 807 stataria
1643 761 1763 830 pugna

341 847 463 911 multo
484 847 564 929 plus
580 843 752 927 valerent,
770 843 904 908 bellum
920 841 1106 908 defendere
1130 865 1235 928 quam
1254 844 1381 909 inferre
1406 847 1512 912 satius
1534 849 1666 912 habuit.
1693 851 1762 912 Ita-

352 939 422 1034 que
435 950 572 1015 castella
591 967 695 1034 opere
709 955 743 1013 et
756 955 879 1012 natura
891 946 1027 1010 munita
1041 968 1223 1034 occupare,
1243 969 1307 1035 per
1326 949 1470 1016 insidias
1483 955 1598 1017 hostes
1612 953 1760 1016 circum-

352 1055 489 1138 venire,
511 1053 634 1120 subitis
647 1052 906 1119 incursionibus
920 1050 1066 1136 fatigare
1077 1060 1180 1134 atque
1190 1062 1334 1138 terrere3
1355 1077 1424 1139 qna
1434 1056 1587 1120 hostium
1598 1057 1666 1122 iter
1678 1065 1760 1144 erat,

353 1159 627 1244 omniavastare,
647 1157 763 1244 ipsum
774 1177 869 1224 mare
883 1157 1077 1221 latrociniis
1086 1157 1259 1252 iniectare
1277 1161 1338 1227 cfr.
1353 1163 1444 1226 Plut.
1456 1163 1582 1227 sertor.
1598 1181 1649 1225 ar.
1669 1163 1760 1228 Flor.

351 1269 382 1330 3.
397 1283 448 1328 aa.
469 1266 534 1330 Gui
551 1265 604 1329 rei
623 1285 790 1350 perquam
801 1269 1037 1348 opportunum
1054 1261 1122 1326 fuit
1141 1257 1325 1344 Dianium,
1345 1268 1437 1330 haud
1455 1268 1559 1353 pocul
1576 1271 1762 1334 aSucrone

350 1371 494 1436 flumine
511 1371 620 1435 incra
629 1370 803 1435 maritima
816 1370 936 1450 situm;
958 1372 1053 1452 quod
1066 1377 1167 1452 caput
1177 1369 1264 1434 belli
1278 1373 1447 1435 maritimi
1463 1382 1546 1438 erat.
1566 1373 1627 1438 cfr.
1638 1375 1760 1448 Strabo

351 1477 431 1544 bier.
449 1476 646 1561 Geograph..
660 1479 721 1540 III.
738 1491 768 1552 4.
788 1498 823 1560 p.
838 1477 909 1540 aba.
930 1477 991 1542 Ed.
999 1473 1040 1558 ο)
1063 1476 1219 1538 Tauchn.
1233 1475 1302 1538 Cic.
1318 1477 1390 1539 Act.
1397 1480 1441 1539 11.
1463 1478 1503 1540 in
1523 1482 1621 1544 Verr.
1633 1482 1722 1554 I.4·3.

436 1581 508 1644 His
518 1581 650 1646 artibus
668 1602 739 1646 non
757 1585 862 1646 modo
885 1581 1020 1647 animos
1033 1579 1187 1645 militum
1202 1581 1441 1665 confirmavit,
1455 1583 1519 1646 sed.
1533 1581 1638 1646 etiam
1651 1581 1763 1650 hosti·

348 1685 415 1749 bns
436 1692 603 1752 terrorem
630 1686 768 1771 injecit,
797 1695 901 1770 atque
921 1687 1020 1752 omni
1035 1694 1230 1752 commeatu
1248 1687 1503 1772 intercipiendo
1527 1695 1657 1751 tantam
1679 1685 1764 1752 fecit
1886 1757 1891 1768 ¹

348 1789 527 1877 inopiam,
551 1801 607 1878 ut,
628 1795 673 1855 ab
693 1793 876 1857 obsidione
902 1795 1080 1881 calaguris
1103 1794 1227 1879 oppidi
1253 1793 1406 1878 depulsi,
1429 1794 1580 1858 diversas
1602 1792 1764 1878 regiones

347 1904 519 1983 peterent,
540 1898 702 1963 Metellus
726 1900 928 1964 ulteriorem
951 1901 1172 1985 Hispaniam,
1200 1899 1386 1984 Pompejus
1409 1881 1571 1962 Galliam.
1598 1897 1659 1960 cfr.
1686 1895 1760 1958 Liv.

346 2000 438 2084 Epit.
458 2004 573 2068 xclv.
595 2005 780 2088 Pompejns
794 2005 932 2096 igitur,
949 2005 1023 2083 jam
1042 2013 1143 2069 antea
1161 2005 1307 2069 Sertorii
1318 2005 1445 2072 uirtute
1465 2025 1486 2068 a
1508 2000 1681 2082 Pallantia
1702 2020 1763 2063 oc·

347 2109 506 2180 cupanda
533 2107 751 2184 prohibitus,
778 2119 813 2165 et
835 2127 969 2162 sumana
999 2111 1055 2164 rei.
1078 2107 1313 2163 frumentariae
1343 2111 1464 2180 iiuopia
1491 2127 1647 2181 pressus,
1670 2105 1761 2164 Plut.

347 2203 469 2286 Pomp.
488 2222 537 2280 19.
561 2223 610 2262 20.
639 2207 765 2261 Sertor.
783 2225 833 2262 αι.
855 2201 1006 2261 minaces
1033 2205 1078 2261 ad
1099 2208 1255 2262 senatum
1274 2199 1369 2261 misit
1389 2200 1523 2274 literas,
1552 2208 1587 2265 et
1610 2200 1762 2281 milites,

348 2305 562 2370 frumentum
587 2308 621 2364 ct
640 2298 854 2381 stipendium
874 2300 1072 2382 postulavit.
1093 2300 1154 2366 clr.
1171 2303 1239 2365 Sal.
1260 2297 1382 2388 fragm.
1399 2306 1461 2366 111.
1485 2325 1533 2365 ιι.
1560 2307 1621 2390 Ep.
1640 2310 1762 2394 Pomp.

348 2412 394 2474 ad
410 2409 489 2472 Seu.
509 2407 594 2488 Quae
608 2400 746 2484 omnia,
767 2403 924 2480 quamvis
938 2402 977 2462 in
991 2403 1188 2482 asperrimis
1198 2405 1400 2499 reipublicae
1417 2401 1535 2494 rebus,
1556 2411 1660 2475 missa
1673 2421 1763 2497 sunt,

347 2509 509 2599 inprimis
525 2507 729 2572 auctoritate
751 2503 911 2588 Luculli,
934 2503 1106 2590 timentis,
1137 2524 1181 2568 nc
1197 2504 1404 2587 Pompejus7
1419 2528 1456 2571 re
1478 2530 1551 2572 non
1569 2513 1763 2601 impetrata,

346 2619 388 2684 in
407 2617 544 2682 Italiam
565 2613 703 2681 veniret
731 2621 834 2695 atque
855 2611 944 2676 belli
968 2609 1199 2673 Mithridatici
1222 2608 1410 2693 imperium
1431 2612 1502 2676 sibi
1522 2616 1679 2700 eriperet.
1700 2615 1762 2682 cir.

348 2726 439 2791 Plua
456 2725 541 2786 Luc.
555 2723 594 2803 5..
606 2719 782 2785 Sertorius.
798 2710 929 2799 autem,
953 2716 1076 2801 legatis
1093 2735 1112 2777 a
1126 2714 1323 2779 Mithridate
1339 2716 1378 2779 in
1396 2717 1604 2804 Hispaniam
1623 2725 1665 2786 nd
1681 2744 1763 2789 eum

349 2829 479 2907 missis,
498 2817 687 2892 utsooietas
699 2826 921 2912 jungeretur,
935 2821 1060 2886 auxilii
1073 2820 1206 2885 externi
1221 2841 1281 2905 spe
1297 2823 1421 2886 adduci
1431 2845 1503 2886 non
1514 2826 1648 2910 potuit,
1669 2835 1708 2890 ut
1723 2826 1765 2893 P.

348 2937 392 2998 R.
403 2930 613 3013 majestatem
634 2934 823 3014 minueret,
842 2930 956 2995 sedin
976 2921 1181 3014 paciscendo
1196 2927 1254 3006 jus
1268 2934 1370 3008 atque
1390 2923 1577 3011 imperium
1591 2930 1762 3015 reipubl}-

349 3057 396 3104 cae
417 3039 592 3124 integrum
619 3035 775 3104 servavit.
810 3037 870 3100 cfr.
899 3037 989 3101 Plut.
1011 3037 1140 3099 Sertor.
1166 3038 1216 3096 23.
1243 3035 1365 3097 fiscon.
1386 3033 1527 3098 Pedian.
1545 3034 1585 3097 in
1603 3037 1700 3103 Verr.
1715 3039 1760 3104 de

349 3145 449 3208 Praet.
473 3145 557 3206 Urba
579 3165 615 3228 p.
638 3149 689 3222 93.
717 3145 787 3207 Cic.
808 3139 903 3209 Verr.
923 3145 949 3204 I.
971 3147 1020 3217 34.
1050 3162 1120 3224 pro*
1138 3143 1230 3225 Lege
1252 3139 1373 3202 Manil.
1393 3155 1423 3216 4.
1447 3159 1512 3225 pro
1533 3141 1688 3206 Muraena
1709 3145 1759 3210 15.

350 3248 497 3333 Appian.
523 3249 679 3310 debello
707 3243 901 3308 Mithridat.
924 3247 973 3306 68.
996 3247 1153 3309 Ceterum
1175 3244 1268 3308 idem
1285 3245 1360 3324 jam
1379 3248 1447 3309 hoc
1468 3266 1561 3310 anno
1580 3246 1620 3310 in
1647 3248 1761 3314 socios

353 3349 564 3437 proditionis
578 3349 797 3412 insimulatos
814 3349 878 3432 οθ)
893 3348 1039 3413 saeviisse
1057 3357 1091 3412 et
1106 3350 1277 3433 plurimos
1297 3371 1339 3415 ex
1357 3351 1478 3415 amicis
1495 3358 1531 3416 et
1546 3372 1662 3417 secum
1674 3373 1758 3438 pro-

349 3455 488 3541 scriptis
507 3453 673 3519 occidisse
691 3454 821 3518 dicitur
846 3453 907 3523 cfr.
928 3452 1010 3518 liv.
1022 3454 1114 3539 Epit.
1137 3456 1238 3520 xou.
1258 3456 1450 3544 AppianB.
1470 3457 1544 3522 Ciu.
1558 3461 1587 3520 I.
1609 3479 1683 3522 aaa.

456 3679 500 3774 i)
523 3664 570 3750 Ti
588 3669 869 3776 ‘timenutensium
896 3656 973 3764 ἕχον
1001 3667 1061 3746 tal
1083 3671 1123 3770 τῇ
1140 3657 1233 3779 ἄκρᾳ
1249 3674 1305 3762 τῆς
1322 3674 1465 3776 iveriae
1481 3661 1664 3776 Ἀρτέμιδος
1681 3645 1758 3775 iuti

232 3803 244 3818 '
353 3789 488 3904 σφᾶδρω
504 3790 699 3905 τιμώμενον,
720 3791 753 3903 ᾧ
766 3789 932 3900 ἐχρήσατο
953 3802 1127 3903 ὁρμητηρίῳ
1145 3791 1240 3876 acroi
1257 3790 1448 3878 &diano
1466 3790 1642 3900 Σερτώριος·
1660 3805 1759 3908 ipon-
1852 3846 1854 3852 ·

332 3917 400 4020 ,air
417 3921 489 4030 γάρ
508 3933 560 4014 to
577 3933 638 4010 aa>
655 3919 825 4030 Megradi,
842 3918 1007 4007 κάτοπτον
1026 3924 1062 4006 δὲ
1081 3930 1121 4005 ἐκ
1139 3929 1272 4006 πολλοῦ
1289 3927 1354 4014 τοῖς
1372 3907 1622 4028 operantium,
1642 3933 1757 4010 καλεῖ-

333 4089 408 4138 «aas
432 4054 469 4137 ii
488 4049 620 4137 notior.

435 4185 472 4269 ⁶)
493 4189 613 4271 Quod,
633 4203 711 4250 cum
729 4185 832 4249 multi
854 4192 992 4270 postero
1013 4179 1414 4250 demum'annofaotum
1434 4201 1505 4250 esse
1518 4189 1684 4267 statuant,
1703 4188 1755 4246 ta-

354 4309 434 4359 men
448 4289 523 4372 jam
546 4299 621 4358 tum
640 4297 809 4362 tentatum
829 4289 947 4374 luisse,
973 4291 1124 4358 satisest
1143 4287 1346 4376 prohabile3
1367 4291 1463 4373 quod
1482 4296 1561 4376 post
1579 4286 1776 4369 victorias.
