4582 5340
1696 453 1740 530 51

337 663 414 711 eum
441 635 593 726 Ργιιιιο,
614 633 832 720 Epirotarum
851 647 948 722 rege,
968 639 1084 722 gesto,
1103 653 1224 702 omnes
1246 637 1426 708 discordia
1448 647 1649 732 composite
1673 667 1746 717 esse

333 749 551 825 viderentum
572 751 607 808 et
627 741 721 806 inter
736 742 925 806 seeundum
943 749 977 807 et
995 741 1135 807 tertium
1154 743 1288 808 bellum
1312 749 1609 838 Carthaginiense,
1629 757 1746 820 omnia

335 856 400 920 illa
415 853 508 916 mala
524 856 643 936 parata
663 847 750 934 sint,
778 847 905 930 quibus
923 855 1044 932 postea
1062 850 1257 935 respublica
1273 852 1421 920 lacerata
1437 867 1497 923 cst.
1527 881 1615 941 -9‚-
1634 863 1747 934 Post.

337 979 448 1044 quam
465 993 508 1010 -·
529 949 774 1042 vaenumsuit
795 953 857 1018 cfr.
879 954 1001 1041 Diotys
1014 955 1058 1020 Π.
1076 977 1104 1020 c.
1121 975 1151 1039 7.
1179 960 1337 1032 ,Interea
1349 961 1389 1023 in
1410 981 1452 1028 eo
1474 965 1548 1028 otio
1562 967 1745 1052 Agamem·

336 1063 424 1128 noni
451 1061 711 1140 oumlllenelao
737 1060 843 1128 fratre
872 1079 1029 1128 exercere
1060 1061 1250 1130 discordias
1272 1085 1419 1131 vacuum
1448 1067 1549 1134 suit.»
1576 1069 1637 1134 etr.
1666 1074 1745 1135 Tac.

338 1170 418 1235 bist.
439 1189 468 1238 a.
487 1170 538 1233 38.
562 1167 658 1244 ..Ubi
677 1167 819 1234 subacto
838 1169 944 1254 orbe,
974 1175 1010 1233 et
1032 1168 1167 1234 aemulis
1185 1171 1330 1238 urbibus
1349 1173 1489 1248 excisis,
1509 1195 1645 1242 secum
1661 1195 1745 1262 opes

336 1279 580 1361 eoncupiscere‘
592 1293 739 1338 vacuum
753 1273 853 1339 tuit.»
871 1277 1007 1340 Terent.
1024 1275 1203 1354 Andrias.
1220 1293 1250 1342 a.
1265 1295 1327 1359 223
1345 1298 1492 1346 vacuum
1509 1300 1582 1346 esse
1602 1283 1647 1345 ad
1664 1302 1746 1346 nar-

335 1386 486 1448 randum
505 1381 575 1446 Cic.
599 1383 644 1445 ad
662 1381 763 1446 Attio.
784 1403 831 1446 ra.
850 1383 909 1462 385
932 1379 1089 1445 animum
1110 1401 1259 1446 vacuum
1274 1387 1392 1452 adres
1415 1385 1571 1454 difficiles
1593 1389 1749 1456 scriben-

334 1489 395 1551 das
414 1482 549 1553 afferre.
562 1523 604 1540 -·
622 1491 725 1572 Apud
741 1496 860 1573 poetas
878 1488 1037 1552 usitatius
1049 1495 1164 1552 vacat.
1178 1523 1221 1538 -
1233 1477 1410 1569 'Quorum
1428 1489 1467 1556 in
1482 1491 1629 1581 gratim
1651 1511 1748 1558 casus

333 1601 446 1658 sextus
472 1592 555 1662 satis
579 1592 778 1658 detenditur
800 1592 999 1659 testimonio
1021 1592 1240 1680 grammatici
1264 1597 1334 1660 sire
1363 1595 1549 1662 dunstanus
1571 1605 1640 1673 est,
1675 1599 1749 1664 sive

232 1708 235 1733 ¹
334 1698 517 1765 Cornelius
535 1700 662 1762 Fronto
679 1717 706 1763 s.
718 1717 751 1762 v.
771 1705 1031 1764 concesserant
1050 1698 1111 1769 etr.
1126 1702 1171 1763 ad
1194 1699 1295 1764 Catil.
1315 1721 1346 1782 9.
1364 1702 1428 1765 sub
1447 1701 1573 1778 finem,
1592 1703 1680 1768 locis
1694 1703 1748 1768 ibi

331 1803 484 1870 laudatis
514 1807 603 1870 adde
627 1804 782 1870 Munker.
802 1807 848 1869 ad
874 1804 996 1892 Hygin
1024 1803 1093 1870 tab.
1115 1807 1153 1871 Ι..
1177 1815 1210 1874 et
1227 1808 1329 1872 XCII.
1348 1806 1465 1872 Daris.
1483 1809 1527 1871 ad
1548 1807 1634 1874 Bell.
1658 1807 1749 1872 Gall.

334 1908 363 1976 u.
384 1911 422 1990 85
444 1913 538 1976 Cort.
557 1913 602 1975 ad
619 1911 689 1976 Cic.
708 1911 794 1996 Epp.
813 1911 855 1976 X.
880 1931 936 1990 ιι5
957 1913 1149 1980 Casaubon.
1172 1916 1217 1978 ad
1235 1913 1410 1998 Lamprid.
1426 1935 1455 1979 c.
1476 1901 1680 1979 8.'Scheli'er
1701 1915 1747 1976 ad

332 2014 467 2082 Pbaedr.
496 2018 601 2082 Falib.
626 2019 667 2084 V.
691 2041 717 2082 ι.
743 2019 800 2098 253
830 2014 997 2100 .quinam
1018 2016 1171 2084 cinaedus
1189 2017 1251 2084 ille
1276 2018 1316 2082 in
1339 2027 1522 2105 conspectu
1543 2039 1623 2084 meo
1645 2021 1750 2083 audet

332 2121 483 2184 venires)
511 2121 632 2185 Manil.
658 2123 793 2186 Astron.
813 2125 854 2186 V.
878 2121 948 2189 ³85.
972 2142 1052 2186 cum
1071 2123 1226 2186 venitin
1251 2124 1395 2206 regione
1421 2132 1505 2196 tuae,
1526 2124 1748 2207 capricorno,

331 2219 460 2307 figurae.
486 2219 599 2283 Clark.
619 2230 654 2284 ct
674 2225 901 2301 Oudendorp.
919 2227 965 2280 ad
980 2225 1061 2281 Caes.
1079 2223 1116 2278 B.
1139 2221 1179 2280 G.
1202 2233 1234 2292 4.
1257 2237 1306 2284 ra.
1325 2225 1359 2280 et
1381 2243 1409 2302 7.
1427 2220 1483 2297 485
1504 2221 1538 2280 b.
1560 2219 1631 2283 Civ.
1653 2237 1683 2284 ι.
1700 2243 1749 2304 ²7·

332 2332 368 2390 et
389 2329 440 2406 37.
460 2326 557 2387 Voss.
574 2324 620 2386 de
640 2319 905 2384 Constructione
924 2321 1024 2385 LXV.
1054 2318 1156 2380 Parei
1172 2321 1253 2382 Iex.
1272 2319 1389 2382 critic.
1406 2342 1441 2405 p.
1465 2324 1546 2402 5833
1568 2325 1750 2390 Contraria

333 2426 516 2513 antiptosis
537 2421 723 2486 accusativi
744 2437 810 2502 pro
832 2420 987 2480 ablativo
1009 2441 1081 2480 non
1100 2421 1218 2479 minus
1236 2423 1372 2488 usitata.
1393 2425 1454 2489 cfr.
1473 2429 1647 2493 Vechneri
1662 2431 1750 2495 Hel·

239 2541 242 2546 '
334 2528 525 2598 lenolexias
543 2531 579 2590 1..
607 2527 635 2591 I.
652 2527 690 2588 P.
710 2524 755 2587 11.
777 2542 806 2586 c.
830 2521 919 2588 XVI.
942 2543 977 2606 p.
998 2521 1059 2583 256
1077 2539 1153 2602 sqq.
1173 2521 1298 2584 Thom.
1325 2521 1482 2588 Linaoer.
1502 2533 1546 2592 de
1571 2535 1749 2606 Emendat.

333 2644 494 2705 structus.
519 2635 593 2697 Lat.
616 2630 725 2696 Sem.
753 2627 868 2692 Sanct.
890 2626 1039 2691 Minerv.
1063 2627 1122 2692 lv.
1159 2647 1188 2690 c.
1222 2649 1271 2689 ιι.
1303 2625 1365 2692 fin.
1391 2628 1514 2714 ibique
1539 2634 1747 2706 Perizonius.

335 2743 445 2810 Creu.
462 2743 509 2804 ad
531 2738 601 2802 Cic.
613 2738 709 2803 Verr·
733 2737 763 2798 3.
786 2753 844 2816 7¹3
863 2731 959 2796 baud
969 2731 1072 2797 aliter
1090 2730 1129 2794 in
1149 2731 1268 2796 Graeca
1281 2731 1403 2818 lingua
1417 2734 1603 2821 saepissime
1616 2739 1751 2808 dativus

334 2867 413 2911 oum
439 2843 632 2910 accusativo
662 2847 825 2906 mutatur.
852 2836 913 2903 cir.
931 2837 1073 2902 Mathia
1093 2849 1121 2912 s.
1141 2841 1221 2916 4233
1242 2837 1308 2898 sub
1334 2838 1488 2904 honesto
1505 2850 1660 2923 patrum
1682 2853 1751 2910 aut

188 2947 193 2952 ’
324 2944 445 3036 plebis
454 2944 619 3034 nomine,
636 2950 681 3012 de
696 2946 754 3012 bis
767 2944 923 3010 moribus
945 2943 1007 3022 cir.
1027 2945 1106 3029 Jug.
1127 2963 1156 3006 c.
1178 2957 1230 3020 41.
1251 2938 1351 3004 Catil.
1371 2962 1399 3010 c.
1422 2946 1479 3025 355
1501 2941 1644 3034 injuria
1660 2945 1756 3012 calb

334 3051 435 3134 dior,
469 3047 559 3136 quia
579 3048 1034 3136 presencia-interpunctio
1056 3049 1235 3126 tollenda,
1255 3066 1332 3130 quse
1356 3049 1401 3110 ad
1423 3047 1533 3110 Cortii
1553 3050 1750 3136 exemplum

331 3157 539 3245 interposita
563 3164 631 3238 est3
660 3154 756 3220 idem
779 3156 900 3220 rerba:
933 3150 1077 3240 injuriis
1100 3152 1257 3218 validior
1284 3152 1376 3219 male
1405 3153 1649 3238 interpretatus
1679 3165 1750 3232 est,

331 3263 483 3329 validior
494 3280 599 3341 quam
618 3259 766 3338 injuria,
786 3277 810 3323 ι.
828 3275 858 3321 e
876 3254 1028 3318 validior
1045 3256 1139 3340 illis,
1158 3257 1219 3340 qui
1240 3257 1367 3337 injuste
1389 3259 1571 3344 praesentia
1586 3260 1750 3326 detende-

333 3368 436 3442 ham
456 3364 555 3450 pejus
576 3358 682 3426 etiam
705 3367 774 3440 est,
795 3361 892 3443 quod
911 3356 1025 3424 addit.
1045 3362 1145 3432 ,Non
1168 3361 1259 3427 male
1282 3364 1387 3428 etiam
1399 3361 1606 3448 praesentia
1627 3362 1750 3456 defen-

335 3473 420 3536 dere
446 3455 623 3554 intelligas
651 3464 836 3552 praesentia
868 3459 962 3528 mala
996 3469 1202 3573 propulsare.
1207 3475 1225 3510 θ
1251 3471 1338 3532 Nam
1359 3470 1543 3555 prasentia
1564 3468 1751 3536 defendere

332 3576 428 3642 nibil
446 3572 544 3640 uliud
563 3571 736 3660 significat
752 3591 857 3672 quam
869 3540 917 3626 soi
936 3535 1017 3626 itm
1036 3537 1147 3644 σωζειν
1177 3575 1270 3656 apud
1303 3575 1567 3660 Thucydidem,
1600 3572 1749 3639 civitatis

119 3671 129 3688 '
197 3763 201 3770 Ι
334 3683 482 3749 turmam
502 3687 538 3746 et
562 3700 678 3745 rerum
702 3685 846 3765 statum,
864 3675 927 3762 qui
948 3695 1042 3740 nunc
1061 3683 1128 3752 est,
1149 3675 1336 3742 defendere
1358 3687 1463 3762 atque
1484 3675 1603 3786 tueri,
1622 3697 1691 3762 qua
1708 3679 1748 3744 in

335 3808 373 3853 re
408 3785 629 3874 optimatium
650 3783 766 3850 studia
791 3783 907 3870 posita
929 3796 1019 3850 sunt.
1051 3779 1232 3848 torrentia
1257 3781 1412 3849 modoi.
1437 3802 1467 3851 e.
1491 3751 1667 3870 χϋμᾶῥρῡς
1686 3781 1747 3846 ctr.

336 3892 439 3962 ovid.
454 3883 554 3959 Rem.
569 3891 644 3956 Am.
659 3893 731 3954 651.
750 3888 895 3954 flumine
911 3896 1079 3975 perpetuo
1102 3895 1237 3952 torrens
1258 3887 1346 3952 solet
1365 3887 1478 3954 acrius
1496 3887 1567 3974 ire,
1586 3897 1622 3954 et
1634 3890 1747 3954 Amor

337 4020 367 4068 ι.
391 4019 422 4080 7.
440 4005 502 4081 433
531 3996 658 4062 tumidi
685 3994 753 4060 ritu
773 3993 937 4061 torrentis
965 3995 1104 4081 agebar.
1125 3993 1196 4062 Cic.
1218 3996 1262 4059 de
1290 3993 1365 4057 Fin.
1385 3995 1429 4056 11.
1453 4017 1482 4063 ι.
1513 4015 1614 4070 ,oum
1637 3993 1749 4060 fertur

337 4104 439 4190 quasi
455 4112 589 4170 torrens
608 4103 751 4170 oman*
771 4101 831 4168 cir.
852 4099 974 4184 Vellej.
990 4103 1035 4168 ΙΙ.
1058 4124 1086 4164 ι.
1107 4103 1277 4178 ,Remoto
1294 4098 1514 4186 Carthaginis
1529 4107 1642 4179 metu,
1665 4099 1756 4166 sub«

336 4211 475 4296 lataque
490 4209 632 4298 imperii
643 4207 783 4296 aemula,
801 4227 874 4272 non
889 4211 1000 4295 gradu
1011 4209 1073 4277 sed
1084 4205 1257 4294 precipiti
1273 4225 1373 4271 cursu
1390 4226 1411 4269 a
1425 4205 1553 4273 virtute
1566 4204 1747 4284 descitum,

340 4319 384 4382 ad
400 4314 487 4398 vitia
507 4323 770 4384 summeurae
797 4349 814 4364 -
827 4333 900 4380 ro.-
918 4308 1042 4401 Igitur
1072 4307 1224 4380 νιιιᾰίίιζι
1248 4305 1559 4398 proscriptorum.
1591 4313 1674 4378 Hac
1698 4307 1747 4376 ad

513 4445 516 4453 .
1164 4443 1168 4449 -
1421 4423 1446 4472 a
