4282 5390
1755 434 1804 516 65

397 627 442 690 cd
462 626 547 691 deos
566 621 690 688 referri
710 641 811 708 posse
835 623 1026 710 negabant,
1054 646 1246 712 pronomen
1272 630 1317 691 ad
1347 636 1521 694 senatores
1545 638 1696 714 spectare
1710 630 1806 710 judi-

393 737 532 810 carunt}
563 738 683 794 contra
703 729 856 816 Cottius,
885 730 969 813 ,qui
996 733 1111 795 adhuc
1140 735 1354 819 negligentes
1381 736 1461 800 estis
1491 735 1530 799 in
1560 739 1710 822 regenda
1739 738 1804 802 hac

393 837 502 900 arbel
520 855 625 918 quam
646 837 789 900 obrem
820 835 1136 921 interpunctionem
1163 839 1354 904 tollendam
1380 849 1503 904 censet.
1534 841 1601 905 Sed
1625 840 1715 904 mihi
1732 842 1806 905 haec

398 940 625 1024 contradictio
646 942 685 1005 in
706 941 838 1021 adjecto
859 963 931 1007 esse
944 943 1091 1013 ridetur.
1112 945 1255 1008 Nullum
1276 945 1370 1008 enim
1388 946 1544 1030 regimen
1564 949 1707 1008 deorum
1734 966 1805 1038 esse

395 1053 524 1131 potest,
546 1066 628 1109 cura
652 1047 798 1131 omissa,
826 1047 971 1111 namin
997 1053 1069 1133 ipsa
1096 1071 1178 1114 cura
1205 1051 1410 1138 gubernatio
1439 1053 1584 1114 deorum
1610 1059 1661 1113 est
1683 1051 1806 1134 posita.

348 1167 351 1176 ’
395 1154 515 1234 Itaque
537 1153 610 1220 haec
630 1155 735 1218 verba
756 1164 789 1219 et
810 1155 1124 1240 interpunctionea
1141 1155 1262 1222 ceteris
1279 1145 1504 1245 sejungenda,
1526 1176 1638 1238 neque
1655 1158 1807 1240 addens,

392 1246 456 1322 sed¹
473 1261 518 1321 ad
536 1269 725 1345 senatores,
753 1283 839 1343 quos
857 1255 1074 1349 perstringit,
1099 1264 1279 1328 reserenda
1305 1272 1394 1327 sunt.
1413 1262 1545 1327 Similis
1567 1271 1617 1327 est
1636 1262 1732 1324 locus
1756 1283 1808 1344 ap.

368 1364 374 1375 ‘
394 1364 553 1428 Tacitum
574 1367 664 1430 Hist.
684 1388 712 1429 r.
731 1369 785 1447 833
806 1355 993 1453 «pereunte
1008 1371 1191 1452 obsequio,
1215 1371 1318 1432 etiam
1337 1370 1523 1456 imperium
1540 1367 1755 1451 intercidit?
1776 1374 1811 1430 et

394 1465 497 1532 multi
506 1471 646 1534 ablativi
654 1473 815 1558 absoluti,
827 1493 913 1555 quos
921 1496 984 1557 per
994 1474 1151 1556 quamvis
1160 1476 1375 1559 grammatici
1386 1476 1682 1538 circumscribunt.
1694 1473 1811 1535 Usita-

395 1573 463 1638 tius
476 1584 548 1638 erat
567 1576 697 1640 dicere:
720 1578 760 1640 in
775 1588 874 1672 tanta,
882 1579 1034 1660 incuria,
1054 1581 1111 1645 vel
1122 1581 1189 1645 tale
1203 1581 1306 1663 quid3
1327 1584 1387 1644 sed
1405 1601 1483 1642 cum
1498 1580 1721 1644 audientibus
1736 1597 1811 1639 non

393 1681 442 1743 ita
458 1679 600 1746 difficile
626 1688 775 1749 esset·ad
795 1677 1081 1776 intelligendum,
1103 1688 1199 1767 cujus
1219 1707 1299 1750 cura
1322 1685 1448 1750 omissa
1469 1687 1659 1769 diceretur,
1680 1681 1811 1747 oratori

392 1785 466 1850 haec
489 1781 595 1871 paulo
612 1781 798 1854 “obscurius
820 1794 1011 1876 exprimere
1027 1793 1137 1855 licuit.
1155 1791 1441 1882 flagitiosorum
1461 1801 1674 1874 postremas
1691 1807 1812 1872 oppos.

391 1891 541 1976 primus,
562 1893 586 1956 i.
599 1916 627 1957 e.
640 1895 802 1958 eximius:
826 1894 886 1960 cir.
898 1897 989 1959 infra
1002 1901 1062 1981 Ep.
1078 1899 1195 1964 Mithr.
1214 1907 1405 1981 postremus
1417 1918 1594 1960 servorum
1609 1895 1810 1970 Archelaus3

391 1997 473 2082 lugi
489 2013 520 2073 4.
539 2009 689 2063 extrema
707 2003 890 2069 dementia.
911 2004 1041 2065 Seneca
1060 2006 1103 2066 de
1121 2003 1320 2066 Constantia
1344 2009 1391 2070 13.
1415 2003 1484 2064 Cic.
1500 2006 1569 2065 Cat.
1594 2021 1623 2064 a.
1652 2021 1708 2076 103
1728 2019 1811 2081 «po-

393 2111 557 2162 stremum
569 2114 685 2165 autem
701 2128 809 2187 genus
825 2129 897 2169 non
912 2109 1025 2168 solum
1044 2129 1204 2184 numero,
1220 2109 1279 2163 sed
1302 2108 1405 2163 etiam
1423 2126 1549 2183 genere
1564 2108 1639 2182 ipso
1662 2113 1695 2162 ct
1710 2103 1813 2161 vita.»

302 2191 318 2258 'a
394 2204 430 2265 C.
451 2201 626 2264 Gracchus
648 2206 702 2285 api
725 2209 814 2265 Gell.
838 2209 960 2278 15.12;
982 2208 1140 2267 omnium
1161 2214 1321 2267 natorum
1341 2204 1651 2288 postremissimum
1671 2204 1814 2285 nequis-

282 4467 309 4500 N

393 2307 590 2387 simumque
607 2307 869 2368 existimatote.»
890 2305 1087 2372 deliberari
1106 2329 1181 2372 non
1200 2319 1326 2390 potest
1352 2310 1374 2370 i.
1401 2329 1430 2373 e.
1456 2311 1577 2389 statui3
1608 2319 1658 2374 cst
1679 2309 1773 2372 enirn
1792 2331 1812 2372 a

391 2412 531 2493 libella,
552 2428 620 2490 qua
635 2408 720 2485 quid
733 2410 978 2488 perpenditur,
993 2413 1124 2466 dictum
1134 2433 1143 2478 3
1165 2412 1260 2468 idem
1270 2417 1366 2484 quod
1379 2417 1537 2496 examino
1547 2441 1556 2489 ;
1578 2416 1638 2478 cfr.
1660 2416 1729 2478 Cic.
1746 2435 1810 2499 pro

392 2516 519 2581 Roscio
530 2516 725 2575 Amer.1r.>‘
741 2519 871 2573 certum
887 2518 936 2572 est
952 2509 1252 2591 deliberatumque
1269 2512 1388 2573 omnia
1403 2514 1534 2598 dicere,
1556 2527 1589 2578 et
1606 2520 1656 2580 ita
1670 2519 1793 2602 saepius
1800 2545 1810 2592 ς

391 2622 599 2686 antecedens
617 2637 682 2703 pro
701 2624 939 2697 consequente.
977 2617 1018 2680 V
1014 2635 1055 2679 os
1078 2624 1283 2678 mussantes
1304 2624 1340 2677 et
1360 2625 1611 2681 retractantes
1634 2621 1747 2684 verbis
1776 2630 1812 2685 et

394 2732 517 2791 vatam
544 2718 769 2787 carminibus
790 2743 919 2802 pacem
947 2714 1087 2802 optatis
1108 2716 1226 2806 magis
1256 2739 1365 2800 qaam
1393 2715 1604 2808 defenditis,
1625 2725 1729 2787 etiam
1751 2726 1835 2791 hic'

393 2831 491 2893 locus
512 2849 618 2914 prava
642 2824 922 2910 interpunctione
947 2833 1127 2909 corruptus
1147 2838 1179 2888 et
1199 2826 1290 2887 male
1313 2826 1509 2887 intellectus
1534 2837 1593 2888 est.
1628 2833 1714 2892 Num
1726 2841 1811 2914 post

396 2941 647 3001 retractantes
667 2933 1002 3018 interpungendum,
1025 2940 1058 2994 et
1081 2934 1150 2993 duo
1168 2931 1351 3015 participia
1371 2951 1391 2992 a
1409 2933 1632 3012 sequentibus
1649 2937 1810 3000 ablativis

393 3039 605 3124 sejungenda
622 3046 654 3099 et
670 3059 746 3100 cum
763 3039 870 3101 verbo
886 3035 986 3100 finito
1003 3037 1245 3122 conjungenda
1264 3045 1358 3114 sunt3
1381 3035 1478 3119 prius
1494 3037 1632 3098 tacitam
1647 3038 1810 3124 indigna-

395 3146 527 3208 tionem
550 3144 711 3226 exprimit
732 3143 792 3206 cfr.
813 3144 886 3204 Liv.
907 3149 956 3204 33.
979 3149 1151 3217 313«tota
1170 3144 1256 3206 urbe
1279 3143 1316 3204 id
1335 3129 1512 3205 decretum
1542 3142 1630 3204 clam
1653 3164 1809 3208 mussan-

395 3257 446 3316 tes
455 3249 672 3330 carpebant.»
692 3255 940 3309 retractantes
952 3246 977 3312 i.
993 3265 1023 3307 e.
1033 3248 1294 3330 tergiversantes
1317 3248 1386 3310 Cic.
1400 3250 1498 3311 Tusc.
1513 3271 1540 3316 1.
1558 3255 1614 3326 313
1634 3251 1733 3324 «Sive
1753 3272 1809 3314 re-

397 3353 559 3416 tractabis
578 3350 650 3412 sive
668 3349 891 3434 properabis»
908 3350 967 3417 cfr.
985 3351 1059 3413 Liv.
1079 3356 1108 3413 3.
1125 3356 1180 3426 523
1203 3337 1253 3433 37}
1275 3356 1331 3429 183
1353 3353 1446 3439 Virg.
1466 3357 1550 3419 Aen.
1572 3374 1620 3417 12.
1639 3358 1717 3435 8893
1738 3357 1807 3420 hoc
1898 3411 1902 3418 .

395 3457 501 3522 verbo
516 3455 627 3542 igitur
646 3466 738 3520 certa
751 3459 910 3537 quaedam
921 3454 1031 3519 animi
1045 3455 1266 3521 imbecillitas
1284 3459 1504 3544 exprimitur,
1526 3479 1602 3542 quae
1618 3481 1730 3540 neque
1751 3461 1808 3522 in·

391 3564 520 3644 iuriam
533 3563 752 3647 propulsare,
766 3583 877 3644 neque
889 3563 1035 3627 meliora
1043 3564 1141 3647 sequi
1151 3576 1292 3649 propter
1303 3567 1477 3651 ignaviam
1490 3569 1610 3644 audet3
1632 3564 1687 3628 his
1697 3565 1806 3649 parti-

397 3669 622 3754 cipiisautem
633 3669 823 3755 indicatur,
834 3690 904 3754 quo
916 3675 1020 3735 modo
1031 3671 1157 3735 animis
1175 3667 1289 3736 affecti
1303 3682 1477 3736 senatores
1488 3672 1540 3733 nil
1553 3674 1717 3747 audeant;
1731 3671 1806 3750 jam
1864 3733 1869 3746 ,

392 3775 570 3862 jungenda
586 3784 683 3860 sunt,
695 3774 807 3840 verbis
816 3799 945 3860 pacem
961 3775 1173 3868 defenditis,
1185 3782 1279 3860 quod
1295 3788 1345 3841 est
1356 3779 1557 3851 hominum,
1569 3775 1689 3862 lingua
1699 3796 1805 3859 quam

396 3901 504 3946 manu
519 3879 796 3967 promptiorum,
822 3882 885 3964 qui
907 3885 946 3946 id
970 3887 1065 3965 quod
1084 3893 1219 3970 optant,
1242 3886 1358 3949 studio
1378 3894 1412 3949 et
1433 3885 1553 3947 labore
1572 3881 1708 3964 assequi
1730 3904 1806 3956 'non

397 3994 582 4062 conantum
602 3987 707 4052 verba
721 3987 828 4074 igitur
838 3986 936 4052 factis
950 3999 1184 4074 opponuntur,
1195 3999 1234 4052 ut
1251 3991 1373 4074 saepius
1387 3988 1448 4053 cfr.
1464 3989 1556 4064 inira
1566 3993 1663 4051 metu
1669 4008 1801 4069 pacem

395 4098 613 4175 repetentes,
627 4113 699 4175 qao
710 4092 873 4156 habitam
883 4081 1144 4178 amiserant&
1154 4104 1275 4160 vatum
1291 4091 1517 4158 carminibus
1527 4093 1696 4166 additum,
1711 4093 1806 4172 quod

395 4195 469 4264 laaec
485 4193 670 4276 bominum
693 4204 742 4261 est
764 4197 873 4276 ratio,
892 4207 932 4262 ut
951 4221 1021 4282 quo
1038 4202 1154 4264 minor
1171 4200 1326 4280 ipsorum
1344 4207 1394 4261 cst
1415 4198 1601 4280 industria,
1620 4217 1663 4262 eo
1680 4195 1803 4278 saepius

398 4303 440 4366 ab
471 4304 551 4370 aliis
579 4304 749 4370 auxilium
771 4313 980 4394 exspecten13
1010 4309 1085 4388 qua
1104 4303 1247 4386 quidem
1273 4321 1335 4388 spe
1364 4321 1463 4367 suam
1480 4305 1641 4388 ipsorum
1671 4298 1804 4384 ignavi-

1419 4427 1423 4434 ‘
1476 4432 1505 4504 9
