4334 5354
280 491 554 618 ,33².

375 694 480 756 mode
506 678 731 752 illustrantur.
769 675 948 758 Ejusmodi
967 673 1042 742 hac
1061 685 1161 742 sunta
1189 673 1386 742 Pronomen
1415 667 1454 738 in
1476 691 1583 745 accus.
1604 673 1781 747 Infinitivo

376 798 560 874 omissum,
589 788 683 870 quod
713 792 746 849 et
776 786 868 869 apud
895 783 1066 867 optimum
1090 801 1264 864 quemque
1292 783 1493 868 scriptorem
1525 784 1695 868 occurrit,
1724 807 1785 854 ne·-

376 871 444 981 que
467 915 508 960 ex
528 895 667 976 Graeoo,
687 892 747 954 sed
767 909 788 952 a
807 887 1197 974 negligentia-quadam
1224 890 1449 972 repetendum
1477 896 1536 952 est.
1577 892 1706 955 Eadem
1736 902 1786 958 est

375 1002 465 1066 ratio
476 996 648 1063 Infinitivi
666 1016 731 1080 pro
752 993 931 1082 gerundiis
950 993 1079 1079 positi;
1100 993 1272 1057 diversam
1291 993 1386 1078 enim
1405 997 1445 1057 in
1464 993 1520 1057 his
1540 996 1655 1059 verbis
1675 1005 1785 1063 struo-

377 1117 490 1172 turam
519 1123 591 1168 esse
620 1102 832 1166 statuendam
863 1107 967 1184 supra
995 1099 1158 1164 vidimus.
1207 1099 1319 1162 Etiam
1355 1100 1519 1163 adverbia
1549 1112 1613 1184 pro
1645 1103 1785 1182 adjecti-

375 1213 428 1277 vis
459 1225 590 1296 ponere
616 1227 689 1272 non
716 1206 831 1270 minus
857 1209 951 1290 apud
975 1212 1105 1270 veteres
1125 1204 1265 1270 Latinos
1291 1205 1473 1289 scriptores
1499 1207 1660 1272 usitatum
1680 1231 1785 1291 quam

376 1321 471 1404 apud
492 1318 644 1395 Graecos,
665 1321 698 1377 et
718 1319 896 1376 structurae
916 1311 1119 1396 'simplicitas
1133 1309 1231 1394 iacit,
1250 1318 1288 1374 ut
1309 1310 1538 1377 imitationem
1558 1320 1706 1378 statuere
1726 1317 1785 1379 vix

374 1424 488 1489 liceat.
520 1423 588 1502 Sed
607 1419 752 1483 varietas
772 1424 948 1482 structurae
970 1417 1009 1479 in
1028 1416 1176 1502 singulis
1196 1417 1366 1480 orationis
1386 1418 1549 1482 membris
1570 1426 1604 1482 et
1622 1420 1785 1504 inprimis

376 1525 605 1613 in'oppositis
625 1525 750 1590 rectius
771 1527 815 1587 ad
834 1523 1010 1607 scriptoris
1037 1522 1220 1608 ingenium
1244 1543 1349 1604 quam
1376 1526 1420 1587 ad
1445 1523 1676 1589 imitationem
1697 1527 1786 1591 refe·

375 1649 440 1698 ras.
480 1637 690 1716 Temporum
712 1629 910 1714 enallagen‚
938 1647 1044 1710 quam
1065 1627 1203 1714 dicunt,
1235 1629 1371 1692 nullam
1391 1647 1481 1712 esse,
1509 1629 1632 1714 saepius
1653 1653 1787 1697 memo·

375 1723 498 1806 ratum.¹
539 1741 658 1819 Neque
686 1735 790 1814 hujus
817 1733 870 1798 rei
895 1734 1089 1817 exemplum
1118 1753 1139 1796 a
1164 1734 1369 1818 Thucydide
1389 1736 1463 1818 poti
1482 1744 1626 1818 poterat.
1668 1740 1785 1802 Minus
1850 1725 1854 1732 ¹

377 1846 482 1910 etiam
502 1842 651 1926 singulis
670 1839 882 1903 dictionibus
902 1839 1127 1902 tribuendum
1148 1848 1214 1923 est,
1235 1860 1311 1920 quae
1332 1841 1371 1902 in
1389 1848 1534 1922 utraque
1548 1842 1669 1928 lingua
1689 1845 1786 1908 simi-

377 1952 428 2014 les
455 1949 572 2011 multae
600 1953 840 2029 numerantur,
869 1946 929 2009 sed
950 1966 1023 2009 non
1044 1951 1115 2007 tam
1144 1965 1185 2009 ex
1206 1943 1403 2009 imitatione
1424 1966 1526 2027 quarn
1547 1967 1589 2010 en
1609 1949 1786 2012 communi

377 2055 474 2119 fonte
495 2057 666 2116 fluxerunt
686 2072 719 2114 v.
742 2069 770 2112 c.
781 2045 921 2141 sugam
931 2045 1067 2138 facere
1085 2019 1197 2132 Φηγῆν
1207 2026 1377 2156 πῦῑεῖξίθῶῑ
1394 2051 1527 2115 bellum
1540 2073 1681 2119 sumere
1692 2056 1723 2117 J.
1734 2057 1785 2130 43.

378 2135 555 2238 οἵρεςθωις
576 2158 616 2220 in
636 2153 778 2221 incerto
800 2155 959 2264 habqere
979 2157 1017 2217 G.
1038 2169 1088 2231 41.
1107 2136 1140 2211 ἐν
1159 2124 1278 2240 daiam
1297 2165 1420 2229 exorto
1441 2160 1504 2221 Th.
1526 2162 1552 2222 I.
1575 2162 1625 2222 25.
1646 2159 1684 2221 in
1709 2179 1787 2224 ma-

371 2266 438 2363 jus
461 2264 644 2328 celebrare
666 2264 697 2325 J.
719 2263 769 2343 75.
789 2239 1007 2423 iniroffgot
1024 2242 1220 2343 κοσμῆΜ,
1240 2263 1349 2325 Tbuc.
1368 2265 1394 2326 1.
1416 2281 1465 2325 ao.
1488 2279 1538 2330 αι.
1568 2265 1787 2330 documenta
1872 2255 1879 2260 ⁵

337 2393 341 2401 ·
377 2359 455 2436 hoec
475 2369 588 2434 babeo
610 2369 647 2431 C·
668 2389 698 2448 9.
716 2336 880 2478 mlvi&
914 2335 1220 2447 ’,πῦθᾶδὶῑγμῦδῖ
1232 2364 1243 2436 i
1264 2364 1445 2457 Confecto
1464 2365 1598 2451 proelio
1613 2376 1691 2432 tum
1705 2389 1786 2436 vero

377 2446 541 2532 ἱπελθῶν
559 2503 610 2520 -
628 2447 786 2539 ἕνῐιιῧθῶ
804 2449 841 2540 dn
860 2471 924 2535 Th.
945 2475 972 2536 1.
993 2490 1043 2556 91.
1079 2472 1146 2534 Sed
1166 2491 1280 2555 neque
1299 2474 1547 2557 particularum
1573 2496 1672 2539 usum
1694 2481 1787 2563 apud

378 2581 567 2645 Salustium
589 2599 631 2644 ex
649 2578 856 2663 Thucydide
876 2578 1086 2662 illustrabis,
1117 2596 1230 2660 neque
1255 2578 1356 2643 illam
1374 2581 1576 2644 brevitatem
1599 2584 1641 2644 ab
1664 2587 1786 2648 eodem

379 2688 522 2771 potitam
538 2684 808 2756 demonstrabis,
826 2686 886 2747 sed
900 2684 1030 2746 similia
1044 2703 1115 2747 esse
1131 2704 1204 2747 non
1220 2687 1427 2770 negaverim.
1447 2690 1498 2750 lta
1514 2689 1737 2752 antithesium
1749 2695 1787 2750 ut

379 2796 473 2876 apud
491 2792 677 2856 Salustium
697 2791 745 2853 ita
765 2789 858 2873 apud
867 2787 1107 2872 Thucydidem
1129 2788 1298 2863 studium,
1319 2794 1379 2851 sed
1400 2793 1447 2852 ita
1463 2792 1595 2854 ferebat
1607 2793 1788 2874 utriusque

380 2897 561 2983 ingenium
591 2905 693 2979 atque
720 2905 850 2959 natura.
889 2891 1040 2956 Summis
1066 2889 1176 2977 igitur
1198 2891 1362 2954 laudibus
1382 2903 1525 2957 ornetur
1544 2897 1785 2982 Thucydides,
1905 2897 1906 2900 ’

380 3022 425 3068 ne
451 3011 565 3071 tamen
584 3002 798 3070 imitatorum
820 3018 918 3065 servo
940 2997 1060 3084 pecori
1081 2997 1222 3063 Salustii
1246 3017 1375 3064 nomen
1395 3001 1638 3064 adscribamus.
