4230 5348
372 465 442 556 146

367 663 671 724 commemoratum
690 651 893 737 putaverim.
926 663 1045 734 -21'9.-
1065 651 1133 719 Gir.
1153 669 1254 735 supra
1273 673 1308 736 p.
1332 653 1379 714 16.
1415 668 1528 718 420ae
1552 651 1620 716 Gir.
1641 652 1682 718 ir.
1697 651 1774 724 inc,

370 763 438 843 195.
459 797 476 812 ·
486 781 553 829 221.
565 779 658 824 m.-
676 757 744 820 etr.
758 762 826 838 196.
845 761 968 822 -223.·
980 757 1149 846 Pyrrhus
1157 765 1220 821 etc.
1234 759 1303 822 hoc
1312 755 1545 842 fragmentum
1555 760 1692 822 nullum
1701 781 1777 826 este
1829 843 1832 848 ,

368 866 689 930 recteFrotscherus
707 863 851 926 monuit.
871 865 939 927 Sed
947 862 1075 946 Pyrrhi
1088 863 1301 930 mentionem
1322 881 1392 926 esse
1412 861 1538 930 tactam
1558 863 1776 930 inlinunt.
1839 911 1842 921 .

366 969 458 1032 infra
478 968 683 1032 videbimus.
701 983 819 1044 -224-
840 969 929 1034 Nou
942 965 1065 1058 turcis
1079 976 1140 1034 etc.
1162 968 1354 1034 Metrodori
1372 968 1480 1054 legati
1494 971 1562 1033 hoc
1572 988 1777 1054 responsum

263 1093 266 1096 ·
366 1071 470 1137 fuisse
490 1076 593 1155 Debr.
618 1074 768 1157 judicat,
799 1074 861 1156 qui
891 1093 911 1138 a
932 1061 1135 1140 Mithridate
1161 1077 1206 1140 nd
1224 1072 1410 1159 Tigranem
1429 1073 1568 1158 missus,
1595 1076 1639 1142 ub
1667 1095 1778 1158 eoque

366 1181 412 1246 ‚de
433 1178 570 1263 foedere,
590 1183 635 1242 ad
657 1183 751 1260 quod
767 1178 985 1264 jungendum
1005 1180 1202 1262 vocabatur,
1221 1176 1381 1247 faciendo
1402 1181 1586 1264 consultus,
1606 1181 1674 1244 hoc
1693 1181 1776 1266 Tig-

367 1281 444 1350 rani
466 1284 660 1348 dissuasisse
682 1285 819 1352 dicitur.
839 1285 898 1350 cfr.
916 1285 1010 1351 elur.
1021 1285 1101 1375 Luc.
1122 1301 1172 1347 nn.
1193 1287 1313 1349 -225.-
1337 1283 1581 1354 Vitudundue.
1601 1283 1662 1347 cfr.
1682 1283 1725 1347 fr.
1746 1299 1778 1360 4.

369 1392 417 1453 ι8.
437 1391 589 1476 Spartaci
608 1391 664 1454 vel
673 1389 816 1456 Sertorii
827 1389 1074 1474 personAE‘haec
1087 1389 1308 1459 conveniunt.
1321 1427 1364 1442 -
1379 1392 1675 1472 Accedunt-pauca
1685 1389 1779 1473 frag·-
1902 1437 1905 1444 .

366 1501 483 1558 menta
491 1504 569 1580 post
582 1497 777 1560 absolutum
786 1496 950 1562 volumen
964 1495 1117 1579 primum
1131 1505 1191 1562 aut
1203 1511 1224 1558 a
1236 1495 1398 1580 meipso,
1413 1503 1471 1562 aut
1481 1494 1614 1558 ebullis
1624 1493 1779 1561 collecta.

366 1603 487 1662 -226.-
508 1597 744 1682 Nimiumque
758 1598 928 1683 partium
951 1602 1058 1668 decus
1076 1597 1117 1664 iu
1139 1601 1337 1664 mercedem
1356 1609 1575 1684 corrupt-um
1597 1607 1680 1664 erat
1698 1599 1723 1662 l.
1747 1620 1775 1660 1.

364 1703 438 1767 haec
459 1725 499 1772 ex
518 1707 705 1769 Arrusiano
722 1708 832 1770 Messo
852 1707 992 1772 laudato
1012 1727 1066 1789 ap.
1081 1709 1195 1770 Burm.
1217 1705 1415 1774 induthol.
1433 1705 1558 1770 Latine
1577 1707 1674 1768 Tom.
1696 1705 1722 1764 I.
1744 1725 1780 1786 p.

367 1813 435 1888 173.
456 1809 561 1870 Aliud
588 1809 767 1873 Arrusicni
795 1811 991 1893 exemplum
1009 1804 1094 1876 'clio'
1117 1829 1189 1876 esse
1220 1811 1393 1894 copiosius
1416 1809 1490 1888 jam
1519 1811 1581 1873 diu
1613 1807 1780 1892 comperi.

364 1913 613 1998 Autographon
632 1915 737 1992 hujus
759 1915 897 1978 Codicis
913 1916 1165 1997 prestantioris
1186 1915 1224 1978 in
1240 1915 1458 1984 bibliotheca
1479 1913 1705 1998 Neapolitana
1724 1913 1778 1976 ln·
1821 1897 1823 1900 ⁵

366 2017 458 2095 titat3
488 2017 560 2095 ejus
586 2018 781 2107 exemplum
801 2021 1010 2102 Lugdunum
1038 2023 1243 2087 Batavorum
1263 2022 1434 2095 delatum,
1461 2021 1557 2098 cujus
1582 2021 1679 2082 Varr.
1710 2019 1780 2080 lec-

368 2122 482 2187 tiones
501 2120 628 2183 frustra
649 2099 739 2183 niihi
758 2141 879 2204 parare
900 2122 1028 2186 studui.
1046 2126 1097 2188 'Ex
1117 2126 1241 2190 eodem
1262 2125 1420 2206 exemplo
1431 2123 1571 2184 Ruhnk.
1592 2125 1635 2183 ad
1657 2121 1779 2200 Vellej.

367 2246 476 2310 pauca
508 2225 642 2300 citavit,
663 2228 706 2288 de
728 2225 854 2307 quibus
875 2225 977 2301 infre.
1000 2223 1038 2288 in
1060 2228 1258 2290 mercedem
1276 2227 1385 2291 finem
1405 2228 1458 2292 rei
1479 2225 1640 2310 exprimit
1660 2237 1780 2290 aucto.

357 2316 406 2394 ¹re
426 2317 727 2395 Arrusiano.‘haec
757 2334 800 2395 de
820 2331 916 2394 Sulla
936 2331 1067 2398 dictum
1084 2338 1193 2414 puto,
1223 2333 1285 2414 qui
1316 2332 1419 2396 initio
1448 2331 1623 2396 nobilium
1644 2349 1786 2395 causam

324 2449 327 2458 “
369 2435 562 2502 defendisse
582 2437 773 2520 videbatur,
793 2419 910 2518 postea
931 2445 1045 2501 autem
1066 2436 1218 2500 avaritie
1235 2446 1273 2500 et
1293 2435 1491 2500 crudelitati
1513 2435 1687 2502 sociorum
1708 2457 1780 2500 ser-

367 2543 442 2606 vire
473 2550 611 2606 coactus
635 2550 693 2605 est.
727 2541 787 2608 cfr.
816 2542 910 2603 Orat.
940 2540 1073 2625 Lepidi.
1102 2557 1228 2621 -cn7.-
1254 2536 1531 2628 Profectionem
1543 2603 1549 2610 ,
1548 2535 1779 2626 festinantes

369 2651 469 2710 Corn.
490 2651 604 2710 Front.
626 2669 651 2714 s.
671 2669 702 2709 v.
714 2643 860 2733 festino
880 2641 981 2708 illud.
1003 2649 1070 2708 hoc
1090 2653 1241 2727 spectare
1261 2643 1398 2706 videtur
1418 2647 1462 2708 ad
1485 2633 1644 2708 Catulum
1666 2651 1700 2706 et
1713 2647 1782 2710 Le*

367 2754 488 2837 pidum
511 2757 600 2818 Coss.
623 2751 685 2833 qui
705 2771 726 2812 a
746 2747 865 2814 senatu
880 2747 968 2825 jussi
988 2748 1146 2812 celeriter
1166 2749 1253 2810 urbe
1272 2747 1420 2830 profecti
1440 2757 1539 2820 sunt..
1562 2747 1622 2810 cir.
1649 2745 1691 2810 fr.
1712 2749 1778 2818 tlh.

371 2883 396 2919 ι.
419 2877 469 2920 no.
490 2861 610 2920 -228.-
629 2853 792 2920 Etruria
814 2848 931 2917 omnis
952 2871 1033 2913 cum
1054 2845 1190 2931 Lepido
1211 2861 1379 2932 suspecta
1401 2849 1440 2915 in
1463 2856 1662 2918 tumultum
1685 2864 1781 2918 erat..

368 2983 422 3045 ap.
443 2963 618 3024 Arrusian.
643 2945 763 3023 eodem
779 2959 857 3022 loco
878 2964 917 3018 ut
937 2954 977 3017 fr.
995 2973 1064 3035 ²²72
1083 2954 1180 3019 -haud
1201 2954 1307 3017 dubie
1327 2957 1395 3018 hnc
1411 2963 1552 3036 ¹quoquc
1573 2977 1614 3020 ex
1629 2952 1724 3021 libro
1749 2982 1775 3024 r.

367 3068 455 3128 Hist.
468 3074 640 3148 sumptum
652 3073 711 3128 est.
731 3081 837 3152 -2295
855 3058 1064 3128 Auctumui
1072 3056 1270 3149 frumento
1281 3081 1314 3126 v.
1328 3079 1382 3142 ap.
1400 3061 1569 3144 Porphyr.
1590 3066 1633 3124 ed
1652 3065 1774 3126 Horat.

367 3173 427 3254 Ep.
453 3191 479 3232 1.
502 3187 624 3246 rulo.
650 3171 718 3238 Sed
747 3171 800 3234 ihi
828 3173 901 3232 haec
929 3167 1034 3230 verba
1052 3161 1136 3226 'non
1163 3172 1304 3230 exstent.
1349 3168 1468 3245 Neque
1496 3169 1569 3232 hoec
1589 3187 1653 3251 pro
1675 3165 1776 3232 centis

366 3276 489 3338 habeo.
510 3261 634 3338 -nssu'-
657 3275 774 3362 Omne
790 3272 854 3358 jur
875 3270 912 3336 in
934 3267 1175 3336 calidioribus
1196 3291 1277 3334 erse.
1300 3292 1354 3354 ap.
1376 3271 1478 3334 Corn.
1495 3273 1610 3336 Front.
1631 3276 1674 3336 dc
1689 3277 1774 3338 oret.

366 3385 403 3444 L.
430 3383 473 3442 Il.
501 3402 577 3466 pag.
599 3359 668 3442 266.
696 3381 834 3445 videtur
865 3380 931 3439 hoc
961 3376 1056 3440 idem
1087 3396 1158 3439 esse
1190 3396 1267 3438 curn
1302 3376 1343 3439 fr.
1376 3386 1549 3462 sequente.
1584 3383 1705 3442 -23n'-
1724 3380 1777 3442 Et

305 3475 308 3482 ’
368 3490 508 3568 relatus
530 3480 730 3550 incondita·
748 3481 839 3551 olim
864 3479 944 3546 vitre
965 3503 1060 3564 mos,
1093 3490 1136 3544 ut-
1162 3501 1267 3544 omue
1286 3480 1353 3572 jus
1381 3479 1420 3545 iu
1443 3478 1576 3546 viribus
1597 3489 1697 3544 esset.
1720 3501 1774 3565 ep.

283 3638 287 3654 .
365 3603 516 3662 veterem
536 3591 741 3660 scholiasten
761 3587 892 3651 Lucani
921 3591 965 3649 ad
986 3586 1138 3650 Pharsal.
1163 3609 1190 3648 r.
1214 3591 1282 3668 173.
1302 3587 1439 3654 videtur
1458 3589 1525 3650 hoc
1552 3589 1596 3650 cd
1615 3587 1773 3653 Sullanas
1854 3599 1857 3606 ’

366 3697 634 3780 proscriptiones
655 3696 837 3780 pertinere.
868 3697 990 3755 -232.·
1010 3692 1137 3773 Atque
1151 3689 1278 3755 omnis
1306 3691 1425 3760 Italia
1454 3690 1598 3759 animis
1614 3688 1775 3757 discedit.

366 3804 460 3866 idem
481 3804 525 3862 ad
539 3802 734 3866 Pharsalt.
750 3803 820 3862 632.
842 3795 956 3863 armis
977 3797 1232 3881 emendandum
1253 3816 1324 3864 esse
1341 3799 1514 3866 existimo.
1535 3795 1668 3862 animis
1688 3792 1773 3864 disc.

367 3905 425 3965 vix
438 3904 599 3966 Latinum
614 3914 670 3968 est.
691 3905 841 3986 pertinet
861 3890 928 3966 hoc
946 3906 993 3968 ,ed
1006 3901 1118 3969 ,finem
1140 3903 1307 3972 turnultus
1322 3905 1506 3986 Lepidnni.
1527 3891 1648 3966 2233„
1660 3904 1776 3990 Pyrr-

370 4007 438 4069 hus
459 4001 696 4086 interemptus
707 4003 793 4095 fuit
823 4004 862 4070 iu
892 4007 968 4070 cede
994 4004 1128 4073 Dianae
1153 4030 1177 4070 a
1208 4008 1366 4088 quadam
1398 4003 1558 4070 muliere.
1586 4027 1639 4086 np.
1660 4004 1773 4066 Caecil.

363 4106 549 4192 Apuleium
578 4111 622 4171 de
646 4111 902 4198 orthographia
922 4119 946 4178 S.
973 4114 1018 4172 16.
1045 4109 1132 4176 Edit.
1155 4111 1283 4177 Osann.
1299 4108 1433 4191 ,Pyrrhi
1460 4108 1674 4170 mentionem
1695 4105 1772 4172 fuc-

365 4226 434 4278 tam
461 4231 532 4276 esse
550 4222 636 4294 puto
667 4206 706 4276 ln
728 4215 959 4298 descriptione
980 4214 1103 4278 Italic»
1111 4211 1288 4276 inferioris
1317 4213 1378 4273 ubi
1400 4205 1443 4274 de
1463 4209 1619 4293 fugitivis¹
1638 4213 1772 4296 exposi-

251 4335 255 4343 “
364 4329 436 4386 tum
464 4324 522 4386 est.
551 4320 673 4394 -234-
694 4317 893 4408 Staphylus
916 4314 1063 4399 primus
1095 4313 1222 4380 docuit
1253 4313 1372 4382 vinum
1406 4336 1505 4396 aqua
1537 4311 1684 4380 misceri
1713 4337 1769 4401 ep.
