4334 5354
1631 431 1702 510 535

291 623 365 704 imp.
386 619 486 685 crevit.
499 613 531 679 b.
552 613 702 684 bon-art.
713 621 747 680 b.
767 617 818 678 sed
839 621 999 684 commodo
1010 642 1037 681 κ.
1059 624 1128 684 fact.
1150 634 1192 683 est
1211 621 1260 684 bx.
1292 643 1380 705 prop.
1399 626 1561 687 virtutibx.
1595 649 1703 712 corpus

290 727 378 791 virile
391 727 588 808 animumque
599 724 630 785 b.
644 726 720 786 alius
735 726 809 786 alios
824 744 908 809 agros
922 730 953 786 δ.
967 728 1092 789 victores
1106 727 1336 791 habebantnb.
1352 750 1392 789 m.
1407 751 1437 791 se
1448 751 1529 790 c.-
1547 732 1579 791 t..
1590 736 1702 814 syllaba
1758 803 1764 810 ,
1795 712 1801 726 ’

281 836 334 896 lbis
352 855 377 894 ι.
397 836 432 898 in
452 833 560 897 cirisz.
580 834 653 894 civis
672 833 752 913 (sup.
773 835 829 893 lin.
849 833 879 913 e)
900 854 927 893 c.
948 834 1026 896 cives
1048 833 1079 896 b.
1100 836 1133 894 iu
1152 834 1220 898 Asia
1240 835 1304 896 κδι.
1326 836 1448 896 duxerat
1468 853 1495 896 κ.
1515 836 1598 898 duct.
1619 840 1651 898 in
1673 864 1701 904 a.

291 943 323 1002 b.
354 941 544 1025 voluptuaria
564 959 593 1000 κ.
627 949 699 1000 sunt
718 940 757 999 ad
776 938 807 998 b.
846 937 927 998 nibil
949 943 1080 1022 relinqui
1101 963 1128 1001 κ.
1157 941 1267 1002 nedum
1289 943 1352 1002 illis
1373 963 1435 1004 cor.
1455 941 1700 1024 nobtempera-

291 1058 359 1108 rent
377 1046 427 1108 δκ.
467 1067 575 1108 ·12.·-
595 1055 751 1127 coeperunt
768 1067 797 1105 x.
828 1043 966 1125 nihilque
985 1047 1130 1108 moderati
1152 1069 1194 1111 οι.
1213 1059 1301 1130 atque
1322 1049 1404 1109 mod.
1426 1047 1456 1109 δ.
1476 1069 1541 1111 suas
1562 1049 1645 1113 dom.
1668 1053 1699 1112 b.

266 1159 267 1164 ’
292 1154 443 1216 edificatae
463 1174 491 1216 κ.
536 1154 640 1218 -13.-.
669 1162 818 1214 constrata
838 1170 897 1216 οκι.
927 1150 1010 1212 abuti
1030 1153 1141 1215 divitiis
1159 1176 1188 1216 x.
1217 1176 1280 1216 non
1309 1154 1392 1217 sitim
1423 1165 1475 1215 aut
1504 1157 1698 1217 laxitudinem

289 1279 316 1320 κ.
345 1262 445 1320 famen
465 1279 492 1321 c.
520 1258 619 1318 modis
640 1257 757 1318 omnib.
778 1279 806 1319 x.
846 1255 952 1328 -14-
972 1261 1005 1318 iu
1026 1269 1108 1320 tanta
1129 1265 1232 1342 itaque
1253 1274 1373 1342 tamque
1395 1283 1440 1333 οκ,
1467 1266 1531 1322 alea
1551 1283 1645 1345 ganea
1666 1265 1698 1324 b.

291 1370 354 1426 alca
374 1385 468 1426 manu
482 1347 547 1431 ¹cars.
573 1363 764 1445 dissipaverat
783 1364 860 1444 (sup.
882 1364 938 1423 lin.
960 1362 1150 1447 abligurierat
1171 1372 1217 1428 vel
1238 1368 1424 1446 laceraverat)
1445 1368 1473 1428 b.
1503 1370 1652 1450 patricida
1671 1392 1699 1431 κ.

291 1469 336 1530 hii
354 1469 428 1535 Cat.
447 1493 472 1530 ι.
494 1472 549 1550 (ita
568 1471 693 1552 sapius.)
714 1471 812 1549 adque
831 1467 912 1532 civili
929 1471 1115 1550 sanguincb.
1137 1494 1273 1533 maxume
1292 1481 1435 1553 juvenum
1457 1479 1505 1537 vel
1525 1475 1704 1536 adulescen·
1763 1505 1767 1514 ·

290 1581 366 1636 tium
388 1575 418 1636 δ.
440 1588 512 1638 cott.
532 1597 557 1638 ι.
576 1579 667 1637 inlec.
686 1597 710 1641 ι.
731 1587 807 1638 etate
828 1588 858 1637 et
876 1575 950 1647 ssuai
971 1599 994 1638 c.
1015 1578 1120 1638 -15.-
1140 1580 1241 1640 adulta
1263 1582 1339 1661 (sup.
1360 1581 1415 1640 lin.
1437 1579 1498 1657 um)
1521 1602 1548 1640 ι.
1570 1592 1699 1642 mentem

267 1757 273 1768 .
290 1687 465 1764 exagitatam
478 1684 556 1765 (sup.
567 1685 623 1748 lin.
637 1682 803 1761 excitatam)
825 1681 855 1742 b.
877 1686 960 1742 color
981 1684 1008 1742 ci
1029 1687 1166 1766 exanguis
1186 1689 1266 1744 δοκι.
1287 1686 1374 1744 -ι6.-
1394 1689 1476 1746 inlex
1496 1706 1554 1745 cxz.
1577 1686 1699 1746 exobta-

288 1787 362 1847 bant
384 1789 414 1847 b.
451 1791 566 1869 petenti
586 1809 628 1851 οι.
661 1799 808 1872 oportuna
827 1809 869 1846 xz.
908 1787 961 1863 (ita
989 1789 1112 1864 saepius.)
1161 1810 1263 1867 -r7.-
1294 1801 1323 1848 et
1350 1792 1483 1868 primum
1516 1792 1644 1854 audaciae
1664 1797 1698 1853 b.

288 1915 312 1952 κ.
340 1897 408 1954 laeca
430 1893 507 1975 (sup.
528 1895 584 1954 lin.
604 1895 634 1971 c)
653 1915 695 1954 οι.
724 1898 790 1972 lega
811 1891 841 1948 b.
863 1893 944 1948 lecca
963 1909 991 1948 κ.
1013 1893 1116 1969 aliqua
1136 1891 1322 1950 necessitudo
1343 1912 1402 1950 οκι.
1443 1893 1647 1975 -18.-pauki
1669 1898 1700 1959 b.

288 2001 346 2059 suit
366 2010 423 2057 cat.
444 2003 474 2055 b.
496 2007 527 2057 et
546 2018 589 2055 m.
608 1999 669 2075 lep.
690 2015 715 2054 ι.
737 2005 802 2074 opt.
822 1992 886 2052 δκι.
925 2013 1032 2072 ·¹9··
1052 1996 1211 2072 conplures
1231 1993 1312 2053 δοκι.
1345 1994 1404 2055 Gn.
1425 1999 1547 2076 pompei
1567 1998 1629 2060 δοι.
1664 2003 1696 2060 in

288 2102 441 2184 provincia
460 2106 492 2165 δ.
533 2101 585 2180 qui
620 2100 662 2160 ita
691 2099 795 2158 dicant
822 2097 886 2160 δοι.
926 2117 1026 2158 -ιο.-
1054 2101 1149 2158 multa
1185 2106 1254 2158 cum
1296 2100 1421 2180 singulis
1451 2099 1482 2160 b.
1525 2099 1693 2181 hujuscem.

288 2223 333 2270 or.
354 2205 424 2268 hab.
445 2204 476 2265 b.
503 2204 620 2267 sccaedit
638 2225 663 2264 ι.
693 2214 842 2286 oportuna
869 2223 914 2264 res
936 2202 1091 2264 accidisset
1110 2225 1137 2266 c.
1178 2225 1237 2264 esse
1271 2206 1404 2266 intellexi
1424 2226 1466 2270 cz.
1498 2212 1695 2288 nosmetipsos

287 2335 329 2375 κι.
350 2312 405 2394 ipsi
423 2331 490 2392 sup.
503 2313 560 2370 lin.
581 2310 627 2370 bc.
650 2321 843 2391 posteaquam
865 2329 893 2370 ο.
914 2308 1080 2368 dictionem
1103 2329 1130 2368 ο.
1157 2308 1308 2370 dicionem
1329 2331 1354 2370 ι.
1389 2309 1540 2372 thetrarca
1561 2333 1587 2372 c.
1623 2313 1696 2375 bon.

287 2431 380 2485 stren.
413 2416 486 2478 nob.
506 2438 535 2477 κ.
562 2435 626 2496 per.
654 2436 717 2496 rep.
739 2414 819 2476 δοκι.
845 2415 964 2476 Ofort.
985 2413 1038 2475 bc.
1065 2415 1186 2476 Numne
1219 2417 1315 2476 emori
1345 2438 1371 2477 c.
1408 2419 1499 2478 fuerit
1524 2439 1550 2478 ο.
1592 2423 1694 2502 ingen.

287 2537 339 2586 est.
360 2530 441 2585 δοκι.
460 2521 645 2605 perfundant
663 2526 698 2583 in
719 2521 880 2582 extruendo
901 2541 929 2582 x.
959 2523 1097 2582 tollerare
1117 2542 1175 2583 οκι.
1203 2520 1320 2584 divitias
1339 2543 1405 2586 suas
1425 2531 1506 2606 bena
1534 2538 1651 2608 egestas
1671 2548 1698 2589 ι.

285 2652 376 2692 -ar.-·
390 2629 532 2690 habunde
543 2649 568 2689 ι.
590 2629 707 2690 tametsi
728 2627 809 2688 δοκι.
831 2628 886 2706 (ita
905 2626 1019 2709 ubique
1026 2627 1050 2708 ‚)
1071 2631 1240 2708 postulare,
1260 2649 1296 2690 ve
1316 2649 1384 2709 sup.
1404 2633 1460 2690 liu.
1471 2652 1496 2690 ι.
1518 2626 1658 2692 cdndicio
1677 2653 1698 2696 x
1778 2705 1781 2722 .

286 2736 341 2816 (ita
360 2735 474 2818 sepius)
493 2739 678 2816 locupletum
700 2731 729 2796 b.
748 2735 847 2796 atiena
866 2737 970 2794 omnia
989 2755 1017 2792 c.
1036 2734 1184 2794 victorum
1206 2732 1262 2802 lib.
1285 2733 1333 2797 bc.
1355 2732 1459 2793 sitium
1481 2737 1646 2797 anitium
1666 2737 1696 2798 b.

286 2843 470 2902 mauretania
479 2863 504 2900 ι.
517 2841 533 2900 ἰ
540 2862 608 2920 sup.
618 2843 674 2899 lin.
684 2871 726 2890 -
739 2836 896 2903 hominem
910 2841 980 2898 nole
995 2857 1062 2917 sup.
1076 2840 1133 2896 lin.
1147 2841 1176 2896 le
1188 2846 1219 2896 et
1233 2839 1304 2893 fam.
1318 2857 1346 2894 x.
1361 2838 1536 2916 increpabat
1548 2831 1592 2904 cis.
1613 2863 1698 2902 -22,.

191 2958 198 2970 ‘
283 2947 414 3010 adiceret
434 2948 514 3008 δοκι.
540 2945 759 3025 sollempnibus
778 2943 828 3002 bx.
856 2942 1178 3019 sollempnitatibusc.
1201 2937 1309 2997 dicitur
1328 2941 1474 3017 aperuisse
1495 2938 1525 3004 b.
1548 2942 1694 3008 dictitare.

284 3055 336 3112 bct
355 3070 422 3130 sup.
443 3050 499 3107 lin.
520 3047 551 3106 δ.
582 3047 676 3126 magis
695 3044 749 3102 lidi
769 3046 798 3108 κζ
821 3045 860 3103 ab
882 3043 928 3104 his
949 3043 1031 3103 δοκι.
1070 3043 1175 3102 -23·-
1195 3054 1350 3105 moverant
1370 3045 1422 3105 sed
1442 3067 1462 3106 c
1482 3068 1552 3130 sup.
1573 3051 1629 3109 lin.
1652 3072 1693 3111 οι.

284 3176 352 3216 ran.
374 3172 463 3234 quam
485 3149 554 3210 aud.
575 3153 672 3208 inerat
691 3152 722 3208 δ.
755 3167 808 3208 sua
827 3158 856 3206 et
875 3149 939 3228 ipse
958 3169 986 3209 κ.
1015 3150 1185 3229 montisque
1206 3169 1231 3210 ι.
1265 3169 1367 3232 esup.
1387 3154 1442 3214 lin.
1464 3173 1491 3214 c.
1523 3156 1557 3214 ni
1571 3156 1641 3216 'sibi
1661 3161 1694 3217 δ.

284 3265 328 3319 ita
346 3260 436 3318 etiam
458 3253 648 3316 emendatum
669 3256 702 3313 iu
715 3273 743 3312 c.
764 3253 923 3313 insolentia
937 3253 1016 3314 δοκι.
1038 3254 1109 3316 inc.
1129 3253 1191 3314 baec
1210 3259 1304 3338 glossa
1317 3283 1324 3316 :
1336 3256 1427 3336 ¹„Sed
1448 3260 1696 3340 nolensconfitcri

284 3364 421 3444 anniam
431 3361 606 3444 participem
615 3358 745 3421 sceleris'’
766 3358 884 3419 sublato
898 3355 953 3419 etc.
965 3392 1009 3410 -
1027 3381 1091 3440 quae
1102 3372 1132 3420 et
1145 3381 1188 3420 cx.
1210 3374 1308 3424 actore
1322 3383 1343 3423 u
1355 3385 1419 3445 sup.
1432 3368 1487 3427 lin.
1498 3389 1525 3433 κ.
1546 3369 1692 3428 invidiam

285 3473 441 3531 estimabat
461 3467 521 3528 bor.
541 3470 586 3548 (iu
606 3471 638 3528 δ.
660 3466 791 3528 estuabat
810 3486 878 3546 sup.
900 3465 968 3544 liu.)
989 3463 1082 3526 bomo
1103 3486 1205 3528 novos.
1225 3488 1250 3527 ι.
1270 3489 1291 3529 u
1310 3492 1377 3550 sup.
1399 3472 1455 3532 lin.
1475 3485 1578 3544 ·24.-'
1597 3473 1692 3533 desei-

284 3578 357 3639 risse
377 3595 402 3636 ι.
422 3576 553 3658 ingentis
571 3571 667 3640 ass-es
688 3574 717 3635 b.
738 3573 843 3634 -at'n'-
862 3572 920 3632 Sed
940 3575 974 3631 iu
996 3573 1021 3632 is
1041 3572 1086 3651 (b.
1107 3594 1172 3654 sup.
1194 3574 1260 3652 lin.)
1281 3575 1312 3636 b.
1332 3573 1400 3637 rito
1421 3575 1523 3637 liberis
1544 3599 1569 3636 ι.
1601 3589 1691 3658 atque

284 3704 352 3765 sup.
373 3685 430 3743 liu.
451 3703 493 3747 sn.
515 3701 572 3742 sec.
591 3715 633 3734 ι·
653 3684 754 3742 Grecis
776 3691 806 3740 et
826 3681 927 3740 latinis
947 3700 971 3739 z.
993 3682 1118 3758 psallere
1139 3691 1168 3740 et
1188 3691 1307 3747 cancre
1328 3703 1369 3744 oz.
1389 3683 1423 3742 in
1445 3701 1538 3767 marg.
1560 3684 1690 3754 „sultare

279 3789 372 3852 *debet
386 3792 503 3874 legi”-
522 3810 539 3852 c
559 3788 661 3848 addit:
683 3799 754 3849 teste
772 3789 933 3852 Servio-
952 3769 998 3868 ps.
1019 3797 1048 3846 et
1068 3797 1186 3848 cantare
1206 3808 1272 3868 sup.
1292 3789 1349 3850 lin.
1369 3790 1479 3870 saltare
1495 3790 1526 3852 b.
1547 3793 1692 3852 lux.su1it
1760 3789 1761 3794 ’

283 3896 364 3959 δοκι.
397 3895 531 3959 libidine
545 3918 612 3977 sup.
633 3897 687 3961 lin.
710 3899 756 3958 vel
780 3894 870 3956 libido
891 3899 924 3956 b.
952 3894 1153 3960 lubidinem.
1196 3896 1304 3956 -26.-
1333 3897 1447 3957 consuli
1469 3895 1501 3957 b.
1521 3917 1594 3978 quas
1614 3917 1691 3958 con·

282 4003 346 4065 suli
365 4002 473 4066 iecerat
492 4025 535 4063 cn
556 4005 589 4063 in
603 4024 629 4068 z.
650 4003 667 4061 b
688 4001 721 4060 in
741 4023 845 4083 cumpo
864 4003 984 4083 punctis
1003 4013 1107 4063 notata
1127 4013 1207 4077 sunt;
1228 4002 1311 4084 quod
1330 4007 1451 4086 signum
1473 4004 1690 4064 emendationis

157 4131 162 4146 ¹
283 4123 344 4184 est,
364 4110 416 4173 sed
436 4111 598 4172 recentiore
617 4120 793 4169 atramento.
834 4140 853 4156 ··
867 4129 946 4191 ²7··
973 4109 1089 4171 dimisit
1117 4110 1168 4170 sed
1187 4109 1222 4170 di
1240 4111 1359 4191 punctis
1380 4119 1444 4170 not.
1465 4130 1490 4171 ι.
1517 4109 1625 4170 recent
1646 4119 1692 4169 at-

284 4235 358 4277 ram.
380 4218 460 4279 misit
469 4240 497 4277 κ.
518 4217 690 4278 consulibus
703 4235 762 4276 οκι.
783 4217 938 4278 insomnis.
949 4215 961 4274 i
968 4237 1033 4297 sup.
1048 4217 1104 4278 lin.
1115 4235 1141 4277 ι.
1159 4217 1274 4276 insonis
1287 4216 1318 4277 b.
1329 4219 1425 4298 legam
1439 4213 1480 4292 (c.
1493 4237 1562 4297 sup.
1578 4215 1651 4295 lin.)
1664 4235 1690 4273 ι.

283 4325 378 4382 lecam
394 4323 442 4390 cb.
462 4328 573 4386 lcccam
587 4344 614 4385 κ.
634 4341 665 4382 se
687 4322 878 4382 maniliumz.
901 4323 921 4383 l.
942 4343 1005 4404 sup.
1023 4325 1083 4383 lin.
1102 4323 1202 4384 ·28.·
1221 4318 1278 4381 bac
1299 4321 1336 4382 de
1357 4323 1518 4402 improviso
1538 4321 1644 4380 domui
1667 4339 1692 4380 ι.
