4230 5348
1681 457 1751 536 105

246 627 255 632 Ἀ
340 661 549 728 accusativus
571 665 641 738 est,
663 678 775 742 neque
798 628 937 740 Φροῦρῑῶ
968 665 1029 728 sed
1061 636 1260 748 ὃῑςμωτῆριω
1286 671 1350 733 hac
1369 693 1454 739 voce
1476 676 1623 761 exprimi
1652 685 1752 763 puta-

337 767 458 834 verim.
478 770 646 832 Caeterum
658 786 698 830 ex
713 766 915 831 Coloniensi
928 768 1010 832 Cod.
1033 771 1245 839 thesaurum
1256 776 1394 841 ridetur
1408 801 1478 845 esse
1489 784 1754 848 emendandum.

337 881 416 958 post
435 892 589 960 pugnam
603 872 648 935 ad
662 872 830 936 Caberam
845 872 971 938 factam
987 876 1055 940 hoc
1076 878 1121 940 ab
1138 897 1179 942 eo
1203 890 1336 965 gestum
1357 884 1505 952 videtur.
1525 889 1585 950 cfr.
1603 890 1692 953 Plut.
1711 892 1752 955 V.

338 981 419 1042 Luc.
436 981 492 1042 18:
512 965 559 1050 roi
595 963 631 1048 ll
668 961 818 1072 καίβωρα.
853 965 977 1064 adiicit
1014 978 1074 1052 acl
1111 981 1173 1055 τῶν
1211 964 1330 1058 irtam
1370 990 1522 1085 φρουρίων
1550 978 1596 1063 roi
1624 989 1756 1070 πλεῖςαι

339 1084 530 1195 irretietur
546 1122 581 1170 τε
599 1083 775 1198 μεγάλους
803 1085 887 1195 εὗρε,
916 1097 977 1172 aa>
1005 1089 1204 1200 ὃεςμωτῆριω
1232 1132 1264 1177 κ.
1293 1134 1322 1178 τ.
1352 1117 1387 1180 λ
1410 1119 1470 1182 cfr.
1494 1121 1639 1205 Appian.
1663 1125 1696 1185 d.
1721 1123 1756 1185 b.
1794 1151 1797 1154 ·

340 1222 459 1284 Mithr.
480 1242 508 1287 c.
531 1223 586 1283 sa:
607 1223 705 1304 quod
721 1220 830 1306 igitur
844 1221 1019 1287 Charisius
1036 1242 1077 1288 ex
1096 1225 1198 1290 tertio
1218 1221 1310 1291 lib‘ro
1324 1229 1397 1292 hac
1417 1226 1591 1305 laudarit,
1610 1229 1677 1292 hoc
1696 1226 1755 1290 rix

343 1327 421 1392 ficri
438 1326 591 1411 potuisse
610 1326 767 1404 ridetur,
785 1326 835 1390 'ut
850 1326 924 1406 jam
942 1329 1060 1413 priore
1078 1328 1171 1393 libro
1192 1335 1266 1396 haec
1288 1340 1528 1416 narrarentur,
1548 1353 1627 1416 epm
1650 1353 1756 1415 quar-

340 1440 395 1496 tus
415 1440 449 1497 et
466 1434 609 1514 quintus
628 1432 701 1499 fere
721 1434 824 1499 unice
845 1435 883 1497 in
907 1435 1170 1501 Luculli'rebus
1189 1437 1405 1504 illustrandis
1430 1446 1613 1522 occupatus
1639 1436 1755 1501 fuerit.

323 1535 357 1587 '·
370 1561 444 1600 11·-
462 1535 621 1619 Reliqua
648 1540 826 1605 cadavera
849 1541 972 1604 salita.
1004 1542 1079 1606 haec
1110 1541 1247 1607 incuria
1275 1542 1502 1607 librariorum
1530 1544 1569 1605 in
1595 1549 1755 1606 contextu
1838 1603 1849 1614 ,

342 1643 484 1726 omissa,
504 1643 721 1708 hauddubie
740 1666 819 1708 cum
845 1645 963 1730 priore
980 1644 1175 1732 fragmento
1188 1653 1218 1712 3.
1240 1669 1287 1711 ιο.
1305 1652 1497 1735 jungenda,
1520 1651 1580 1712 sed
1601 1667 1672 1710 non
1689 1666 1754 1728 pro

342 1749 464 1812 eodem
486 1751 663 1828 habenda3
685 1771 763 1813 cum
785 1750 879 1815 enim
899 1750 1059 1819 Diomed.
1080 1754 1106 1814 1.
1127 1769 1167 1829 4:
1196 1749 1358 1838 Veteres,
1384 1755 1492 1837 dicat,
1523 1748 1757 1837 ambiguitatis

253 1837 258 1845 ’
341 1873 440 1918 causa
457 1855 591 1916 salitus
608 1855 769 1919 dixerunt
782 1856 826 1917 ab
843 1856 934 1939 salo,
957 1877 1028 1920 non
1046 1877 1068 1918 a
1083 1858 1190 1941 salio,
1212 1859 1432 1922 manifestum
1446 1866 1512 1932 est,
1532 1856 1756 1942 participium

340 1963 433 2042 apud
462 1959 650 2022 Salustium
688 1960 817 2024 lectum
849 1959 974 2040 fuisse3
1014 1961 1146 2025 accedit
1173 1966 1269 2043 quod
1305 1965 1379 2026 haec
1414 1965 1594 2025 commode
1627 1959 1757 2044 priori-

340 2063 405 2124 bus
428 2063 655 2146 adjuguntur,
679 2084 760 2152 nam
778 2064 900 2150 fragm.
926 2070 956 2127 3.
983 2086 1037 2128 ro:
1066 2068 1284 2145 mandatum,
1306 2070 1373 2126 hoc
1398 2060 1557 2126 effectum
1584 2063 1755 2144 exprimit.
1803 2045 1811 2052 “

342 2169 433 2230 Num
459 2180 542 2228 vero
573 2166 671 2248 prius
698 2167 737 2228 in
765 2175 945 2250 quartum,
978 2187 1023 2230 an
1052 2169 1121 2229 ho'e
1145 2169 1184 2228 in
1214 2163 1354 2228 tertium
1378 2165 1510 2226 librum
1535 2163 1756 2228 referendum

342 2270 413 2353 sit,
447 2271 636 2332 admodum
674 2269 831 2337 dubium.
872 2272 940 2334 Sed
971 2292 1050 2335 cum
1088 2271 1168 2334 finis
1205 2269 1293 2333 belli
1326 2268 1516 2333 Sertoriani
1553 2278 1587 2334 et
1621 2268 1764 2356 gladia··

342 2375 427 2439 torii
450 2376 490 2438 in
521 2378 670 2438 eundem
702 2395 833 2438 annum
863 2376 1044 2449 inciderit,
1073 2383 1108 2441 et
1132 2374 1299 2437 Salustius
1323 2374 1364 2436 in
1394 2394 1511 2438 rerum
1533 2373 1657 2438 ordine
1683 2373 1756 2436 sere

342 2488 474 2546 veteres
498 2478 686 2542 Annalium
707 2477 891 2563 scriptores
910 2477 1046 2570 secutus
1072 2495 1144 2543 esse
1159 2477 1336 2554 rideatur,
1357 2480 1406 2541 ita
1426 2487 1465 2542 ut
1480 2480 1632 2564 singulis
1645 2477 1755 2562 annis,

274 2625 277 2630 -
343 2605 419 2670 qua
436 2585 568 2666 ubique
581 2592 675 2670 gesta
692 2590 790 2648 erant
802 2591 1003 2669 exponeret,
1022 2583 1166 2667 propius
1184 2585 1229 2646 ad
1246 2602 1366 2648 verum
1381 2586 1527 2667 accedit,
1546 2584 1640 2648 libro
1656 2604 1756 2666 quar·

344 2701 380 2754 to
400 2691 578 2776 calaguris
594 2689 814 2753 obsidionem
838 2689 943 2754 fuisse
963 2695 1144 2751 narratam.

423 2830 443 2846 -
454 2812 524 2858 ra·
542 2791 716 2879 Epistula
730 2791 980 2880 Mithridatis,
993 2796 1043 2860 ita
1050 2794 1160 2863 Vatic.
1171 2815 1199 2862 r.
1209 2797 1278 2877 Ep.
1289 2790 1534 2860 Mithridatis.
1543 2798 1619 2859 Vat.
1629 2812 1658 2855 a.
1674 2792 1758 2876 Epi·

344 2900 468 2966 stolam
477 2906 556 2984 post
569 2899 725 2984 priorem
734 2900 894 2984 Tigranis
904 2902 1039 2966 cladem
1051 2921 1122 2965 non
1132 2899 1255 2984 procul
1267 2900 1407 2984 acapite
1417 2898 1518 2984 regni
1531 2906 1722 2983 acceptam,
1736 2916 1758 2960 a

344 3005 546 3069 Mithridate
559 3006 604 3065 ad
611 3006 758 3066 Arsacen
772 3003 843 3066 sive
854 3005 1021 3068 Pacorum
1032 3008 1147 3070 datam
1156 3026 1245 3089 esse,
1264 3025 1305 3068 ea
1314 3005 1359 3068 iis
1366 3004 1586 3070 manifestum
1594 3011 1660 3087 est,
1678 3021 1756 3085 quae

345 3129 448 3195 supra
456 3133 490 3192 p.
498 3109 549 3169 35.
560 3105 835 3171 memoravimus.
846 3091 1076 3192 Mithridates,
1092 3112 1248 3192 quamvis
1260 3111 1375 3175 fractae
1384 3112 1456 3191 ejus
1469 3130 1552 3195 opes
1562 3118 1688 3192 essent,
1703 3117 1756 3172 ta·

346 3235 427 3280 men
447 3212 609 3276 timorem
631 3211 848 3302 dissimulat,
865 3209 938 3286 imo
961 3205 1123 3293 magna'm
1143 3214 1255 3276 animi
1273 3213 1438 3277 fiduciam
1466 3223 1663 3298 certamque
1685 3214 1757 3278 vic·
1834 3283 1838 3290 ,

347 3319 446 3383 toriae
468 3335 563 3400 spem
592 3333 664 3398 prae
685 3332 721 3377 se
749 3311 832 3396 fert,
859 3319 893 3376 et
915 3320 955 3377 ut
982 3314 1133 3378 Arsacen
1159 3320 1204 3378 ad
1229 3318 1318 3383 belli
1339 3320 1537 3386 societatem
1563 3322 1753 3386 ineundam

346 3421 519 3509 pelliciat,
541 3424 740 3483 co'mmunes
755 3417 911 3482 omnium
923 3411 1038 3482 hostes
1052 3421 1228 3484 Romanos
1246 3410 1445 3501 assederat,
1467 3446 1615 3504 eumque
1624 3442 1669 3485 na
1685 3441 1756 3484 me-

349 3530 446 3606 dium
468 3535 634 3612 aegerat,
655 3527 866 3590 dehortatur.
885 3524 1022 3588 Similia
1043 3525 1158 3589 sedin
1185 3524 1255 3588 alia
1283 3547 1321 3592 re
1342 3529 1461 3592 Livius
1483 3528 1590 3592 hahet
1617 3532 1670 3594 32.
1698 3543 1756 3604 αις

349 3637 401 3698 35.
415 3652 471 3714 49:
491 3632 646 3698 inventio
665 3632 740 3716 ipsa
758 3639 1108 3715 argumentorumque
1125 3630 1307 3714 dispositio
1326 3634 1422 3694 haud
1441 3630 1612 3696 absimilis
1625 3630 1663 3693 in
1672 3630 1756 3693 Cor-

351 3758 541 3824 cyraeorum
555 3738 712 3803 oratione
732 3740 826 3820 apud
845 3737 953 3800 Thuc.
975 3739 1003 3803 Ι.
1022 3738 1160 3799 32-36:
1187 3739 1248 3800 sed
1262 3736 1468 3822 absurdu'm,
1499 3738 1595 3818 quod
1611 3734 1753 3799 Ursinus

352 3845 451 3929 dicit,
462 3844 583 3936 ⁸rideri
601 3843 674 3908 fere
694 3850 804 3908 totam
828 3843 1009 3926 epistolam
1028 3861 1069 3905 ex
1081 3842 1145 3905 illa
1166 3842 1324 3908 oratione
1348 3842 1558 3906 translatam.
1578 3835 1757 3906 societate
1809 3896 1817 3906 ,

352 3953 550 4017 morantur
563 3953 638 4014 Val.
654 3971 682 4010 ι.
701 3968 817 4016 errore
832 3947 1055 4010 librariorum
1068 3946 1119 4011 ita
1134 3955 1310 4012 exaratum
1329 3956 1424 4034 puta.
1446 3946 1528 4012 dein
1543 3947 1645 4030 quod
1660 3965 1758 4028 quoe-

350 4052 448 4121 citur
464 4059 536 4122 vat.
558 4077 585 4118 1.
606 4053 701 4139 quod
716 4057 812 4118 haud
831 4053 936 4117 dubie
954 4053 1214 4119 restituendum.
1235 4053 1297 4117 cfr.
1316 4053 1358 4116 fr.
1376 4053 1444 4117 inc.
1465 4055 1521 4115 30:
1543 4048 1757 4119 indecorum

233 4235 244 4244 ⁶
353 4157 412 4226 sit.
437 4164 506 4226 hoc
528 4162 766 4234 tantummodo
793 4167 975 4244 postrema
1001 4161 1080 4225 voci
1106 4160 1321 4246 oppositum,
1348 4178 1452 4240 quare
1474 4157 1538 4238 qui
1570 4123 1760 4221 dtftfit‘wt

355 4259 585 4350 iatasja'ctant,
609 4275 644 4332 et
662 4266 701 4331 in
717 4264 867 4330 Salustio
886 4284 1024 4348 quoque
1037 4266 1141 4350 plura
1158 4265 1235 4332 loca
1252 4267 1342 4330 hanc
1360 4267 1405 4329 ad
1422 4283 1577 4330 normam
1594 4262 1686 4348 exigi
1697 4259 1760 4340 'ju-

1415 4379 1459 4466 ¹4
