4334 5354
375 474 451 556 306

416 673 493 740 ,tum
513 647 701 738 fluentibus
726 661 991 747 inc.71.t'¹ov‘eo
1014 665 1173 750 dedoque
1200 682 1255 734 me
1275 671 1339 754 pro
1369 682 1440 756 rep.
1462 669 1529 735 inc.
1552 689 1599 757 17.
1628 657 1781 743 unionis

418 774 601 842 'munditiis
618 793 657 840 se
679 770 830 839 exercuit
849 782 881 837 J.
904 775 953 834 63.
985 773 1118 836 urbana
1137 773 1256 857 plebes
1278 785 1313 840 c.
1335 782 1384 858 57.
1415 777 1544 865 urgeri
1561 778 1670 862 fama,
1690 780 1781 848 ferro

417 893 452 950 J.
468 884 517 954 al.
527 879 655 942 militia
666 887 770 960 atque
780 878 902 962 inopie
913 893 964 954 41.
976 879 1127 963 invidia,
1147 887 1241 943 metu
1253 882 1303 947 55.
1317 879 1484 945 nobilitas
1494 903 1561 947 usa
1572 901 1613 948 ex
1622 885 1783 952 lubidine

419 985 566 1050 victoria
576 999 627 1060 42.
639 1005 704 1070 pro
715 983 975 1066 armisperfidia
987 988 1036 1048 61.
1048 984 1197 1068 imperio
1211 996 1246 1052 c.
1263 1006 1308 1047 12.
1321 987 1475 1070 corporis
1484 988 1625 1053 servitio
1636 991 1745 1075 magis
1756 1013 1782 1055 1.

414 1093 632 1155 sermoneab.
648 1110 689 1154 ex
698 1090 875 1154 voluntate
884 1088 1039 1154 'Antonio
1053 1093 1103 1155 ati.
1114 1093 1145 1153 J.
1157 1097 1206 1154 31.
1219 1095 1269 1170 46.
1280 1112 1328 1159 η,
1341 1092 1470 1177 largius
1479 1112 1541 1156 suo
1553 1096 1587 1155 C.
1604 1097 1649 1156 16.
1659 1096 1783 1179 amplis

416 1187 651 1262 bonoiibusl.
663 1198 713 1258 25·
721 1195 819 1275 cujus
829 1195 1023 1279 patrocinio
1034 1196 1225 1280 plurimum
1236 1197 1397 1262 utebatur
1408 1208 1443 1264 c.
1455 1201 1472 1271 Ι.
1478 1217 1505 1259 1.
1513 1201 1705 1266 honoribus
1713 1220 1783 1265 ma-

417 1303 521 1367 ximis
533 1321 614 1366 usus
624 1317 674 1384 49.
694 1300 890 1386 perniciosa
903 1300 1063 1366 lubidine
1077 1302 1255 1386 paulisper
1269 1301 1323 1364 uti
1343 1309 1373 1366 J.
1391 1327 1417 1364 ι.
1437 1307 1527 1367 fluxa
1546 1303 1615 1370 fide
1632 1327 1698 1389 ¹09·
1717 1309 1782 1369 ho-

418 1409 528 1472 stibus
539 1427 604 1492 pro
615 1407 717 1471 sociis
730 1411 781 1474 tr.
804 1405 875 1484 ojus
888 1409 992 1469 domo
1010 1424 1057 1473 ια.
1079 1407 1135 1470 vel
1146 1406 1230 1489 imp.
1243 1426 1299 1470 me
1312 1405 1456 1472 utimini
1467 1420 1502 1475 c.
1517 1425 1567 1472 ao.
1586 1430 1692 1492 sume,
1706 1419 1782 1473 ute-

417 1505 460 1577 re'
474 1532 542 1578 uo.
552 1510 700 1576 victoria
714 1513 764 1578 58.
778 1530 841 1593 per
854 1504 1011 1576 laborem
1025 1531 1094 1574 usu
1108 1509 1273 1574 militiam
1283 1512 1437 1576 discebat
1451 1526 1486 1580 c.
1499 1537 1527 1594 7.
1545 1533 1664 1577 omnes
1675 1515 1783 1598 copiae

418 1618 458 1680 in
486 1633 552 1682 usu‘
577 1615 768 1682 cottidiano
797 1620 847 1691 48.
877 1614 991 1698 specie
1018 1635 1124 1696 quam
1143 1635 1208 1678 usu
1228 1617 1345 1699 potior
1363 1624 1393 1679 J.
1419 1621 1465 1683 16.
1495 1617 1650 1681 lubidini
1678 1619 1782 1681 simul

419 1729 454 1787 et
469 1713 547 1786 usui
567 1741 689 1804 parete
699 1733 735 1787 c.
750 1724 800 1783 51.
818 1720 897 1783 usui
911 1722 1165 1803 opportunusl.
1176 1729 1224 1802 98.
1245 1741 1346 1783 usum
1362 1721 1449 1787 belli
1465 1720 1620 1785 amittere
1631 1725 1680 1795 til.
1698 1743 1786 1803 quo·

418 1847 498 1890 rum
522 1827 646 1911 vulgus
670 1821 711 1887 ia'
739 1822 832 1888 die-m
859 1841 959 1887 usum
987 1823 1093 1887 habet
1121 1824 1165 1886 H.
1187 1826 1212 1886 1.
1237 1828 1285 1886 16.
1315 1824 1375 1888 ofr.
1408 1828 1454 1898 tl.
1484 1827 1563 1889 usui
1591 1845 1662 1888 esse
1686 1827 1781 1890 bello

420 1933 452 1995 J.
473 1939 522 2008 43.
544 1932 595 1994 85.
1318 1979 1321 1984 .

382 2030 510 2102 {se-ita
530 2033 580 2096 sic
602 2043 639 2100 c.
663 2056 693 2096 2.
715 2035 744 2096 5.
760 2031 791 2097 l.
812 2056 842 2102 κ.
863 2034 889 2096 i.
912 2056 941 2100 e.
962 2038 1138 2118 quomodo
1155 2046 1190 2102 c.
1208 2039 1235 2097 5.
1256 2045 1287 2103 J.
1302 2053 1353 2104 ao.
1375 2042 1414 2098 ut
1434 2053 1534 2120 spero
1556 2046 1593 2102 c.
1608 2052 1657 2096 ao.
1679 2035 1785 2098 sic-

419 2149 460 2205 ut
482 2138 530 2202 25‘.
553 2137 650 2206 Catil.
672 2146 712 2201 ut
733 2145 806 2202 erat
825 2146 963 2223 paratus
984 2140 1203 2224 superinde
1222 2142 1310 2204 ull.
1332 2143 1361 2214 l.
1386 2141 1463 2224 lug.
1485 2147 1524 2202 ut
1545 2147 1618 2203 erat
1638 2139 1710 2200 aori
1731 2137 1784 2200 in-

374 2305 376 2310 .
420 2246 525 2332 genio
548 2269 578 2326 7.
604 2251 643 2306 ut
670 2243 830 2308 omittam
859 2267 908 2308 ao.
939 2253 976 2308 ut
996 2244 1021 2313 i.
1044 2266 1074 2309 e.
1097 2265 1200 2326 quam
1222 2250 1273 2308 δι.
1303 2253 1342 2308 ut
1362 2245 1508 2329 quisque
1528 2281 1569 2298 -
1589 2244 1638 2306 ita
1659 2245 1708 2304 5ι.
1732 2246 1780 2312 6ο.

287 2389 290 2396 ·
418 2369 464 2415 eo
484 2356 599 2433 natus,
619 2355 659 2412 ut
680 2367 728 2427 24.
749 2349 799 2413 ita
817 2385 860 2402 -
879 2357 918 2414 ut
940 2348 988 2414 85.
1018 2348 1070 2412 dii
1090 2353 1332 2432 monuere‚'ut
1356 2368 1425 2419 ιω.
1448 2369 1489 2414 ea
1510 2369 1584 2429 res,
1604 2357 1642 2410 ut
1663 2349 1701 2410 in
1723 2348 1786 2410 tali

420 2455 563 2541 negotio
595 2455 741 2539 probata
763 2476 831 2536 1⁰7·
866 2455 920 2517 uti
946 2453 1110 2537 planities
1133 2466 1168 2522 c.
1191 2457 1238 2533 59.
1268 2456 1359 2517 adeo
1379 2488 1421 2503 -
1441 2461 1480 2515 ut
1499 2455 1543 2515 H.
1564 2455 1590 2515 I.
1617 2456 1662 2514 15.
1693 2461 1732 2513 ut
1753 2462 1786 2516 te

421 2577 535 2642 neque
554 2557 739 2624 hominnm¹
760 2579 873 2642 neque
885 2562 1029 2624 deorum
1050 2561 1159 2642 pudet
1179 2557 1428 2640 I.19.ofr.Ill.
1451 2577 1500 2624 aa.
1522 2554 1684 2640 utiquei.
1700 2577 1729 2619 e.
1752 2566 1785 2620 et

422 2665 477 2730 uti
495 2667 526 2727 J.
551 2687 599 2744 17.
620 2667 664 2726 H.
686 2666 713 2726 1.
739 2667 786 2726 15.
807 2661 994 2742 utrimque
1010 2675 1051 2730 c.
1075 2665 1125 2734 45.
1145 2666 1198 2743 59.
1220 2665 1264 2726 Η.
1285 2665 1346 2730 ΙΙΙ.
1370 2679 1419 2725 aa.
1448 2671 1575 2746 utpote
1596 2663 1658 2742 qui
1679 2673 1712 2728 c.
1734 2665 1783 2746 57.

422 2777 576 2852 uterque
595 2786 646 2850 49.
667 2765 815 2850 utrique
834 2770 884 2829 ³0.
905 2767 935 2827 J.
959 2780 1007 2826 aa.
1053 2799 1055 2802 ·

386 2870 505 2966 Vulgi
522 2893 677 2938 rumores
698 2885 734 2940 c.
757 2891 808 2956 ²9·
837 2871 982 2955 vulgum
1002 2867 1174 2952 exagitare
1195 2884 1244 2947 72.
1279 2869 1404 2952 vulgus
1431 2868 1559 2931 fuimus
1579 2869 1653 2932 sine
1674 2871 1786 2954 gratia

425 3002 475 3046 ao.
504 2975 666 3045 Metellus
694 2978 733 3040 in
763 2979 906 3043 volnere
926 2976 971 3038 H.
993 2977 1036 3040 II.
1058 2997 1088 3057 9.
1113 2994 1145 3037 v.
1166 2972 1318 3036 advorsis
1340 2978 1390 3035 61.
1419 2971 1566 3036 confecti
1585 2974 1785 3036 volneribus

422 3092 474 3148 61.
495 3083 643 3166 acceptis
664 3104 732 3145 101.
755 3083 856 3146 vultu
877 3080 1026 3145 demisso
1048 3084 1098 3141 δι.
1119 3078 1251 3143 incerto
1275 3098 1345 3162 ¹⁰7·
1365 3077 1480 3141 varius
1499 3080 1529 3141 J.
1549 3079 1616 3140 115.
1638 3077 1675 3140 in
1696 3077 1785 3142 facie

423 3189 589 3267 vultuque
611 3198 647 3255 c.
674 3190 720 3277 i6.
748 3189 882 3252 bonum
901 3209 931 3250 v.
952 3187 1080 3251 habere
1105 3205 1151 3251 10.
1171 3187 1216 3249 de
1237 3205 1355 3249 uxore
1374 3183 1551 3252 honestius
1571 3183 1685 3268 potuit
1704 3203 1786 3246 oon-

425 3291 494 3357 suli
511 3293 542 3357 J.
563 3295 613 3372 95.
