4242 5334
1644 459 1715 534 215

225 685 228 692 Δ
312 608 586 720 Commaculati
603 648 766 728 satellites
788 659 827 714 H.
837 652 863 708 Ι.
878 653 925 711 15.
946 643 1211 713 commaculares
1233 657 1266 713 te
1287 669 1365 712 cum
1385 653 1551 737 Jugurtha
1573 654 1718 719 miscen-

348 761 447 823 dou.
472 773 540 819 roa.

311 864 547 930 Commeatus
573 860 596 922 i.
619 879 647 922 e.
675 859 826 922 abeundi
845 858 1004 942 licentia,
1036 869 1203 923 mercatus
1232 871 1271 925 H.
1290 863 1329 926 V.
1352 878 1381 936 4.
1407 873 1615 931 commeatus
1635 865 1657 927 i.
1680 885 1708 928 0.

351 967 581 1042 frumentum,
610 966 814 1029 interierant
843 969 884 1026 ΙΙ.
918 968 965 1027 08.
994 965 1106 1049 parati
1127 965 1336 1038 frumentum
1358 970 1455 1051 dare,
1492 978 1718 1034 commeatum
1832 1019 1839 1026 .

350 1082 487 1156 portare
507 1085 538 1139 J.
560 1076 610 1150 46.
630 1071 842 1156 stipendium
864 1079 897 1133 et
917 1092 945 1134 c.
964 1071 1135 1134 locaverat
1157 1093 1206 1151 9⁰·
1227 1093 1255 1135 c.
1276 1094 1335 1156 spe
1355 1074 1505 1157 amplior
1525 1079 1575 1157 75.

310 1176 633 1244 Commendationi
662 1177 785 1241 tribuit
813 1176 974 1240 fiduciam
995 1177 1080 1240 fides
1102 1189 1137 1243 C.
1162 1180 1210 1246 35.
1241 1179 1306 1243 tibi
1327 1167 1551 1265 com'mendO,
1582 1188 1716 1262 tuaeque

323 1345 328 1360 ,
349 1282 432 1347 fidei
455 1283 553 1348 trado
575 1284 623 1346 ib.

311 1387 541 1453 Commercia
561 1388 770 1472 prohibebat
790 1388 911 1473 ignara
931 1387 1051 1473 lingua
1071 1385 1102 1452 J.
1128 1392 1173 1451 18.

312 1485 559 1574 Comminutae
577 1494 675 1556 scalae
695 1505 727 1558 J.
750 1497 799 1559 60.
821 1493 920 1578 regni
942 1513 1023 1577 opes
1045 1496 1093 1554 62.

312 1596 555 1663 Commiserat
575 1598 726 1663 audaciae
745 1599 857 1661 virilis
878 1599 1032 1662 facinora
1054 1611 1089 1664 c.
1113 1602 1162 1661 06.
1181 1599 1343 1683 proelium
1364 1599 1591 1662 committitur
1612 1603 1660 1661 60.

311 1703 549 1769 Commodum
572 1705 772 1768 inimicitias
793 1725 834 1769 ex
855 1727 883 1767 c.
898 1715 1076 1769 aestumare
1098 1717 1133 1773 c.
1149 1727 1195 1766 ιο.
1217 1727 1258 1769 ex
1279 1727 1470 1791 c.pugnam
1491 1705 1603 1769 facere
1622 1708 1715 1771 J.8a.

349 1810 393 1871 de
410 1811 445 1871 P.
461 1812 547 1880 R„c.
567 1801 647 1874 'cum
664 1811 711 1876 iis
731 1812 896 1874 disserere
911 1830 976 1872 roa.
998 1811 1108 1888 majus
1129 1832 1157 1872 c.
1178 1831 1219 1874 ex
1239 1811 1312 1874 otio
1332 1832 1406 1875 meo
1429 1812 1514 1896 reip.
1535 1821 1718 1891 venturum

347 1925 379 1980 J·
401 1933 431 1992 4.
452 1937 480 1979 0.
501 1919 593 2001 regis
615 1919 776 1980 omnibus
797 1917 867 1978 suis
887 1916 989 1979 rebus
1010 1913 1180 1981 anteferre
1204 1918 1251 1976 16.

309 2015 634 2106 Commonerfircere
655 2021 817 2084 beneficii
837 2010 892 2083 sui
912 2031 943 2086 J.
965 2038 1015 2100 49.
1057 2037 1061 2046 ’

267 2127 271 2134 “
308 2120 501 2189 Commori
520 2125 678 2186 hostibus
699 2137 738 2189 Η.
760 2130 784 2186 1.
809 2143 858 2188 aa.
925 2139 933 2156 ·

308 2226 510 2294 Commune
538 2229 685 2290 alterum
715 2245 742 2289 c.
772 2229 857 2302 diis,
890 2230 948 2289 alt.
976 2248 1054 2288 cum
1083 2227 1197 2288 beluis
1219 2233 1252 2287 C.
1275 2247 1303 2287 1.
1333 2248 1360 2289 0.
1383 2226 1522 2310 negotia
1542 2238 1573 2292 J.
1598 2231 1665 2290 105.
1688 2251 1715 2294 0,

345 2331 535 2411 utriusque»
551 2331 675 2414 populi
701 2331 781 2392 finis
805 2352 854 2412 79.
885 2350 938 2393 res
968 2351 995 2391 c.
1021 2331 1090 2390 108.
1120 2349 1148 2390 c.
1170 2327 1309 2392 fortuna
1330 2331 1483 2412 asperior
1514 2343 1552 2396 Η.
1575 2331 1642 2394 inc.
1668 2355 1715 2412 17.

347 2457 377 2501 c.
390 2436 584 2499 nobilitatis
602 2436 734 2497 malum
744 2445 775 2501 J.
790 2438 839 2512 64.
861 2456 889 2496 0.
911 2433 1070 2496 omnium
1090 2441 1249 2496 naturam
1267 2446 1299 2500 J.
1315 2438 1364 2498 85.
1386 2457 1414 2498 0.
1428 2437 1585 2500 habitum
1607 2445 1715 2502 trans-

346 2561 480 2628 gressus
501 2540 630 2608 Htinc.
658 2563 687 2621 9.
720 2562 749 2602 0.
770 2539 929 2604 omnium
950 2540 1065 2616 hostes
1084 2550 1113 2606 J.
1136 2541 1183 2600 81.
1217 2536 1489 2604 communicare
1509 2562 1643 2606 causam
1665 2545 1715 2606 ci-

347 2648 443 2710 vium
465 2669 542 2711 curn
564 2648 668 2712 servis
690 2647 846 2733 fugitivis
867 2659 901 2713 C.
924 2647 973 2709 56.
995 2645 1249 2708 communicato
1271 2645 1418 2708 consilio
1442 2651 1490 2708 48.
1596 2722 1600 2730 1

306 2750 559 2817 Commutatio
583 2760 677 2817 tanta
696 2752 835 2816 incessit
855 2763 886 2818 J.
913 2758 960 2816 13.
982 2752 1199 2816 commutatis
1220 2752 1403 2814 ordinibus
1424 2753 1474 2814 50.

309 2855 535 2939 Compar-ant
555 2858 659 2922 simul
680 2851 907 2921 delinimenta
928 2869 969 2922 Η.
990 2862 1048 2920 ΠΙ.
1070 2882 1119 2922 ιι.
1141 2856 1327 2920 exercitum
1346 2873 1411 2936 pro
1432 2863 1585 2936 tempore
1606 2869 1640 2924 C.
1663 2859 1713 2920 30.
1792 2920 1796 2926 ,

345 2982 454 3046 poenae
476 2962 612 3046 legibus
633 2967 835 3044 comparatae
858 2969 904 3026 64.
927 2968 1120 3044 comparate
1141 2978 1197 3022 me
1216 2958 1394 3022 hominem
1417 2978 1546 3021 novum
1568 2979 1646 3022 cum
1666 2962 1710 3024 il-

344 3069 460 3132 lorum
482 3066 644 3150 superbia
662 3078 694 3132 J.
716 3070 766 3129 85.

308 3167 555 3254 Comperimus
565 3188 688 3250 parum
702 3179 734 3233 J.
752 3170 801 3246 67.
815 3167 881 3226 113.
905 3167 949 3226 de
966 3166 1068 3227 rebus
1082 3186 1110 3226 c.
1126 3166 1175 3232 68.
1191 3185 1244 3227 res
1256 3187 1320 3249 pro
1335 3169 1574 3252 magnitudine
1588 3192 1712 3255 parum
1765 3195 1769 3202 ’
1801 3235 1804 3244 ,

348 3282 523 3358 comperta
549 3284 586 3340 c.
608 3289 657 3334 aa.
687 3289 764 3353 qum
791 3270 854 3332 ubi
880 3271 999 3344 Romae
1026 3290 1054 3330 0.
1082 3263 1231 3332 000486.
1260 3273 1454 3353 comperior
1474 3285 1506 3340 J.
1531 3278 1599 3338 108.
1617 3283 1712 3358 quod

345 3382 407 3444 ubi
432 3378 657 3466 ¹comperisset
680 3395 729 3440 aa.
759 3383 935 3458 comperto
956 3386 996 3441 Η.
1017 3376 1058 3441 V.
1082 3396 1106 3436 ι.
1136 3375 1292 3458 periculo
1321 3384 1423 3457 atque
1449 3381 1598 3462 negotiis
1619 3401 1713 3443 com-

346 3496 482 3571 portum
506 3497 541 3552 c.
558 3508 583 3547 a.
605 3505 708 3566 quam
729 3485 824 3564 quod
844 3480 1005 3561 cuiquam
1026 3480 1064 3544 id
1085 3490 1297 3563 compertum
1318 3480 1408 3544 foret
1431 3498 1477 3558 ι4.
1498 3495 1712 3568 compertum
1763 3547 1769 3557 ,

344 3593 457 3655 habeo
480 3601 517 3656 c.
538 3591 587 3651 58.
608 3591 651 3652 60
671 3589 726 3651 his
745 3590 841 3650 haud
859 3586 961 3649 facile
972 3593 1195 3670 ‘compertum
1216 3587 1427 3650 narraverim
1446 3599 1478 3653 J.
1505 3611 1552 3670 ¹7·

309 3695 517 3778 Competere
535 3695 673 3780 pulmo,
694 3694 856 3776 auribus,
875 3693 996 3778 lingua
1018 3705 1056 3760 Η.
1078 3696 1104 3759 Ι.
1131 3713 1176 3772 ¹9·

309 3796 493 3883 Compleri
511 3800 626 3863 omnia
645 3801 741 3864 luctu
763 3811 798 3866 c.
811 3804 860 3863 51.
882 3801 1058 3883 completae
1080 3799 1239 3863 c'ohortes
1249 3817 1313 3881 pro
1330 3819 1474 3863 numero
1489 3798 1637 3884 militurn
1658 3803 1706 3864 66.

307 3910 513 3990 componas
540 3925 610 3987 quo
643 3913 701 3968 tua
731 3907 874 3990 rectius,
902 3907 1095 3992 exemplum
1121 3906 1258 3989 praebeo
1291 3916 1331 3972 ll.
1363 3909 1419 3973 IV.
1443 3923 1491 3969 ra.
1519 3907 1708 3990 composita

345 4033 418 4078 non
448 4022 527 4076 sunt
557 4014 663 4076 verba
689 4031 765 4076 mea
784 4023 817 4078 J.
837 4015 887 4077 85.
922 4035 950 4075 c.
972 4013 1083 4076 oratio
1109 4011 1156 4078 ib.
1188 4011 1375 4096 composite
1403 4021 1506 4093 atque
1528 4012 1709 4097 magnifice

347 4139 461 4183 casum
490 4121 575 4203 reip.
606 4119 759 4182 miserati
787 4131 822 4186 c.
852 4123 900 4186 8ι.
927 4120 1017 4182 bene
1046 4127 1079 4182 04
1107 4139 1135 4180 0.
1166 4117 1327 4180 disseruit
1349 4123 1398 4181 ⁵2.
1425 4117 1587 4182 omnibus
1605 4121 1708 4184 rebus

345 4225 472 4305 paratis
492 4207 759 4309 compositisque
778 4235 808 4290 J.
830 4225 880 4297 46.
907 4224 1058 4288 exercitu
1078 4224 1116 4286 in
1135 4223 1369 4288 hibernaculis
1390 4229 1510 4292 c.·103.
1528 4225 1614 4288 ‘dolo
1639 4247 1706 4287 ιιι.

347 4346 455 4410 genus
475 4331 656 4394 hominum
677 4352 718 4398 ex
739 4349 882 4416 corpore
903 4338 936 4394 et
956 4331 1072 4394 anima
1095 4352 1122 4392 2.
1144 4349 1185 4404 ex
1206 4329 1396 4414 composito
1418 4339 1458 4396 H.
1478 4332 1519 4394 Π.
1536 4334 1566 4392 8.
1583 4329 1706 4396 cohor·
