4282 5390
465 552 513 624 28

546 735 758 806 Mithridatis
765 701 853 826 regis
868 741 1035 804 exercitus
1045 739 1137 806 lame
1146 737 1306 824 ferroque
1317 740 1449 804 deletus
1457 746 1492 803 et
1498 739 1662 824 Bithynia
1669 741 1860 826 pulsusest;

456 847 653 932 ipse.variis
675 848 762 909 belli
783 866 823 907 ac
841 845 1101 929 naufragiorum
1122 845 1255 908 casibus
1272 845 1399 908 fractus
1420 845 1460 908 in
1477 848 1626 910 Pontum
1646 847 1811 932 profugit.
1819 847 1860 928 ⁶)

455 952 558 1030 Cujus
577 959 655 1034 post
682 950 798 1031 fugam
816 950 982 1012 Lucullus
1013 970 1109 1031 cum,
1135 949 1281 1014 navibus
1299 950 1476 1014 instructis
1495 957 1529 1014 et
1548 949 1703 1035 armatis,
1725 951 1862 1017 Helles·

453 1187 542 1232 sone
564 1175 607 1228 ut
623 1163 825 1292 palieanus
844 1165 976 1230 humili
995 1169 1077 1233 loco
1103 1177 1146 1232 at
1167 1190 1210 1230 m
1233 1165 1330 1233 clius
1347 1167 1475 1253 piceus
1495 1173 1635 1252 loquax
1654 1175 1722 1234 etc.
1727 1177 1745 1214 ¹·
1777 1173 1859 1236 Las-

451 1271 654 1356 bergianus:
677 1281 720 1334 ut
737 1293 783 1335 m.
804 1269 901 1337 clius
917 1272 1116 1356 pelicanus
1135 1257 1268 1336 humili
1288 1277 1394 1340 loco*
1421 1275 1511 1338 Flor.
1531 1295 1576 1336 m.
1599 1295 1661 1340 sec
1682 1276 1737 1342 M
1763 1272 1861 1339 clius

452 1376 515 1458 qui
531 1377 616 1440 libri
639 1398 716 1440 cum
739 1378 897 1440 omnium
919 1379 990 1441 sint
1019 1378 1269 1462 antiquissimi,
1289 1380 1456 1443 Codicum
1486 1380 1688 1444 auctoritate
1713 1399 1787 1442 rem
1814 1382 1861 1442 ad

451 1479 624 1562 liquidum
645 1483 789 1565 perduci
820 1502 891 1546 non
913 1502 1013 1565 posse
1031 1502 1094 1572 per
1113 1503 1149 1546 se
1168 1491 1271 1565 patet.
1304 1485 1372 1546 Sed
1393 1481 1554 1548 Lolliam
1573 1493 1711 1570 gentem
1730 1501 1861 1568 cogno·

451 1607 531 1650 men
550 1587 750 1650 Palicanum
769 1587 929 1651 habuisse
946 1587 1151 1653 confirmant
1168 1607 1390 1651 nummorum
1406 1589 1626 1672 interpretes,
1642 1589 1702 1652 cfr.
1716 1589 1858 1652 Eckhel.
1912 1581 1922 1604 ⁸

453 1693 551 1759 Doct.
567 1714 695 1754 numm.
710 1692 787 1756 Vol.
799 1695 840 1757 V.
859 1716 892 1777 p.
885 1697 975 1758 ..236
988 1690 1405 1776 MionnetDeseripta'on
1415 1695 1475 1764 des
1488 1691 1860 1775 Medntllesantaques

454 1798 600 1860 Tamti.
622 1798 717 1862 Paris
742 1801 827 1860 1813.
850 1820 884 1881 p.
906 1801 974 1880 571.
997 1797 1143 1859 Ursinus
1163 1797 1283 1866 Famil.
1304 1800 1402 1859 Rom.
1422 1817 1463 1860 ex
1480 1797 1857 1880 antiquisnumismmp

454 1903 521 1975 665.
544 1903 606 1984 qui
628 1910 740 1967 tamen
761 1903 834 1986 ipse
854 1906 897 1968 de
917 1922 978 1966 sua
999 1903 1283 1987 interpretatione
1309 1902 1445 1970 dubitat
1470 1904 1515 1965 ad
1530 1902 1597 1966 Sal.
1616 1900 1706 1963 Edit.
1727 1903 1858 1970 Hauer-

452 2025 560 2090 camp.
573 2031 610 2092 p.
630 2011 695 2076 665.
716 2007 854 2072 Accedit
870 2007 978 2091 ipsius
994 2006 1166 2071 Perizonii
1179 2007 1379 2089 auctoritas,
1399 2006 1462 2087 qui
1478 2007 1517 2068 in
1531 2005 1698 2072 dissertat.
1726 2007 1780 2077 de.
1791 2023 1859 2070 are

449 2111 547 2214 gpavi
565 2120 605 2172 ut
627 2122 662 2174 et
678 2111 900 2194 responsione
919 2115 964 2175 ad
994 2113 1155 2196 epistolas
1178 2114 1323 2177 Andreae
1349 2112 1505 2178 Mosellii
1526 2114 1569 2175 66
1586 2109 1696 2180 variis
1711 2108 1858 2182 familias
1922 2153 1929 2160 -

449 2234 527 2279 rum
547 2218 778 2279 Romanarum
798 2216 949 2280 nummis
964 2220 1075 2302 Lngd.
1091 2221 1206 2280 Batav.
1227 2239 1316 2295 1712.
1332 2239 1380 2279 12.
1398 2239 1432 2298 p.
1449 2221 1518 2296 275.
1539 2219 1578 2278 L.
1592 2214 1747 2277 Lollium
1765 2217 1860 2298 apud

450 2319 520 2383 Cic.
549 2319 669 2381 Famil.
699 2322 790 2391 v111.
816 2324 847 2384 8.
880 2323 928 2384 M.
948 2321 1055 2384 Lollii
1084 2319 1239 2382 Palicani
1264 2317 1408 2380 fratrem
1437 2337 1508 2382 esse
1528 2318 1687 2382 credidit.
1714 2319 1781 2382 Sed
1803 2318 1859 2392 vel

447 2423 644 2488 Perizonius
663 2424 766 2486 unius
784 2425 919 2484 nummi
937 2423 1136 2482 testimonio
1151 2427 1327 2501 permotus
1343 2440 1415 2484 esse
1429 2421 1585 2500 videtur,
1607 2430 1646 2483 ut
1663 2421 1714 2484 ita
1731 2431 1859 2492 statue.

330 2591 333 2599 ,
447 2535 517 2611 ret,
539 2549 617 2609 cum
648 2529 789 2592 Fulvius
816 2525 978 2607 Ursinus,
1005 2523 1068 2604 qui
1087 2523 1220 2608 primus
1242 2526 1307 2592 hac
1337 2529 1381 2594 de
1409 2545 1447 2588 re
1469 2525 1719 2608 disputaverat,
1743 2529 1853 2609 probe

446 2632 667 2717 intelligeret,
687 2633 789 2696 illum
807 2629 998 2723 denarium,
1014 2651 1092 2692 cum
1107 2652 1235 2702 nomen
1251 2631 1382 2716 gentile
1401 2651 1473 2697 non
1485 2630 1688 2714 inscriptum
1702 2632 1858 2714 haberet,

446 2756 569 2821 parum
589 2737 726 2814 firmum
751 2733 988 2797 testimonium
1013 2755 1094 2800 esse.
1115 2741 1202 2800 Nam
1220 2740 1316 2819 quod
1335 2745 1433 2822 sunt,
1456 2736 1518 2820 qui
1536 2739 1581 2798 ad
1602 2737 1857 2813 Pseudo-Asco-

446 2842 566 2920 nium,
587 2842 626 2914 in
653 2844 842 2912 Commeat.
871 2843 917 2906 ad
944 2841 1080 2917 Verrin.
1104 2843 1212 2923 Oratt.
1237 2850 1445 2926 provocant,
1466 2842 1550 2903 inde
1569 2840 1661 2902 nihil
1685 2836 1855 2924 efficiunt,

446 2950 542 3030 quod
563 2948 607 3009 ab
629 2949 695 3010 hoc
716 2946 939 3028 grammatico
963 2966 1016 3009 res
1046 2945 1284 3011 diversissima
1309 2945 1401 3008 inter
1426 2963 1462 3006 se
1490 2943 1735 3026 conglutinata
1761 2952 1856 3020 sunt3

447 3051 576 3134 quippe
590 3053 667 3135 qui,
690 3070 793 3131 quem
818 3050 996 3112 tribunum
1022 3053 1127 3115 Verre
1146 3053 1294 3126 Praetore
1310 3050 1380 3127 666.
1404 3045 1509 3110 fuisse
1531 3045 1681 3126 dixerat,
1704 3049 1854 3126 eundem

446 3142 757 3220 iterumtribunum
763 3156 875 3238 plebis
889 3156 992 3231 faeiat
1010 3163 1112 3236 atque
1128 3151 1293 3236 Pompejo
1317 3155 1416 3216 Cons.
1432 3151 1627 3214 tribuniciae
1639 3151 1856 3216 auctoritatis

448 3260 665 3325 restituenda
683 3269 855 3336 auctorem
874 3261 979 3323 fuisse
996 3259 1138 3336 judicet.
1161 3258 1222 3321 cfr.
1244 3260 1434 3323 Comment.
1455 3259 1500 3317 ad
1513 3255 1631 3320 Divln.
1650 3258 1674 3316 1.
1696 3263 1725 3319 3.
1745 3257 1856 3322 Act..I
1919 3251 1922 3259 ⁴

450 3384 497 3442 ¹4·
511 3366 556 3427 13.
563 3383 613 3446 47.
624 3367 691 3428 Sed
705 3362 835 3440 661666
850 3363 984 3424 inEdit.
976 3363 1103 3456 .princ.
1119 3363 1173 3428 Μ.
1186 3359 1409 3427 JuliusPal.
1420 3379 1631 3444 expressum,
1652 3381 1850 3458 nomenque
1885 3416 1889 3424 .

445 3467 575 3554 gentile
594 3490 665 3534 non
683 3469 797 3533 minus
817 3467 988 3528 incertum
1005 3475 1061 3541 est.
1082 3469 1148 3531 Sed
1170 3469 1337 3549 nuperV.
1345 3468 1387 3528 D.
1404 3464 1600 3549 Madvigius
1614 3465 1704 3552 hene
1722 3450 1851 3542 docuit,

444 3573 614 3657 Disputat.
642 3575 747 3656 deQ.
772 3573 894 3633 Ascon.
922 3573 1110 3656 comment.
1133 3573 1288 3654 Append.
1308 3593 1341 3653 p
1365 3573 1432 3632 116.
1447 3590 1498 3652 sq.
1528 3545 1714 3632 Asconium
1737 3588 1851 3650 neque

444 3695 607 3758 personas
634 3697 746 3756 neque
767 3686 921 3758 tempora
946 3676 1027 3738 satis
1051 3676 1246 3754 distinxisse
1270 3675 1538 3756 Palicanumque
1554 3677 1613 3734 Cn.
1632 3671 1845 3757 Aufidio,P
1846 3721 1853 3736 .

443 3781 591 3844 Lentulo
605 3781 692 3844 Coss
718 3780 897 3842 tribunum
914 3778 1033 3860 luisse,
1055 3798 1158 3859 quem
1173 3799 1234 3866 cur
1250 3780 1366 3882 potius
1385 3777 1547 3844 Lollium
1560 3797 1664 3883 quam
1683 3774 1848 3841 Acilium

444 3882 917 3964 nominemus,m1h1qurdem
929 3875 1354 3946 nullaratroessevrdetur
1366 3868 1607 3967 0161666661.
1620 3885 1645 3944 l.
1662 3904 1689 3944 1.
1706 3891 1739 3946 et
1761 3884 1806 3945 18.
1810 3891 1852 3944 et

448 3982 509 4046 cfr.
519 3985 563 4044 ad
571 3984 634 4043 Att.
643 3987 687 4044 II.
698 3991 726 4046 5
735 3984 848 4046 ubiM.
856 3983 968 4047 Acrlro
977 3983 1162 4065 legendum
1174 4004 1245 4047 esse
1253 4005 1374 4050 censeo
1383 3989 1460 4060 Val
1469 3980 1557 4067 Mau.
1570 3989 1630 4068 111.
1639 3989 1770 4052 vnna

527 4085 564 4166 θ)
583 4086 747 4160 ..Centum
772 4087 920 4170 amplius
950 4084 1090 4148 navium
1114 4087 1255 4150 classem
1279 4097 1511 4173 apparatuque
1538 4092 1625 4156 belli
1648 4110 1789 4196 gravem
1812 4089 1850 4152 in

446 4191 589 4256 Pontico
611 4189 698 4252 mari
721 4210 878 4276 aggressa
894 4199 1093 4274 tempestas,
1118 4199 1187 4253 tam
1210 4192 1300 4255 foeda
1317 4202 1428 4280 strage
1449 4198 1628 4280 laceravit,
1654 4205 1693 4260 66
1718 4195 1851 4258 navalis

443 4295 531 4359 belli
544 4295 652 4378 instar
666 4293 824 4388 efficeret,
845 4299 949 4381 plane
968 4296 1066 4377 quasi
1080 4293 1262 4380 Lucullus,
1275 4300 1426 4378 quodam
1445 4321 1523 4364 cum
1540 4301 1699 4364 fluctibus
1718 4303 1853 4384 procel-

441 4399 553 4486 lisque
563 4402 778 4490 commercio,
790 4403 1034 4467 debellandum
1045 4400 1225 4468 tradidisse
1234 4422 1351 4489 regem
1359 4406 1472 4471 ventis
1480 4405 1685 4470 videretur.t
1697 4405 1743 4466 Fl.
1750 4407 1807 4466 111.
1821 4409 1850 4468 5.
