<?xml version="1.0" encoding="UTF-8"?>
<!DOCTYPE html PUBLIC "-//W3C//DTD XHTML 1.0 Transitional//EN"
    "http://www.w3.org/TR/xhtml1/DTD/xhtml1-transitional.dtd">
<html xmlns="http://www.w3.org/1999/xhtml" xml:lang="en" lang="en">
 <head>
  <title>
</title>
<meta http-equiv="Content-Type" content="text/html;charset=utf-8" />
  <meta name='ocr-system' content='tesseract 3.04.00' />
  <meta name='ocr-capabilities' content='ocr_page ocr_carea ocr_par ocr_line ocrx_word'/>
</head>
<body>
  <div class='ocr_page' id='page_1' title='image "./ccrispisalustii01sallgoog_0202.png"; bbox 0 0 4230 5348; ppageno 0'>
   <div class='ocr_carea' id='block_1_1' title="bbox 346 545 418 640">
    <p class='ocr_par' dir='ltr' id='par_1_1' title="bbox 346 545 418 640">
     <span class='ocr_line' id='line_1_1' title="bbox 346 545 418 640; baseline -0.042 0"><span class='ocrx_word' id='word_1_1' title='bbox 346 545 418 640; x_wconf 69' lang='lat'><strong>¹94</strong></span> 
     </span>
    </p>
   </div>
   <div class='ocr_carea' id='block_1_2' title="bbox 283 729 1782 1874">
    <p class='ocr_par' dir='ltr' id='par_1_2' title="bbox 342 729 1754 936">
     <span class='ocr_line' id='line_1_2' title="bbox 342 729 1754 822; baseline -0.001 -17"><span class='ocrx_word' id='word_1_2' title='bbox 342 739 494 807; x_wconf 72' lang='lat' dir='ltr'><strong>Addunt</strong></span> <span class='ocrx_word' id='word_1_3' title='bbox 511 735 551 802; x_wconf 81' lang='lat' dir='ltr'><strong>in</strong></span> <span class='ocrx_word' id='word_1_4' title='bbox 570 757 666 822; x_wconf 87' lang='lat' dir='ltr'><strong>spem</strong></span> <span class='ocrx_word' id='word_1_5' title='bbox 687 729 871 804; x_wconf 80' lang='lat' dir='ltr'><strong>maximam</strong></span> <span class='ocrx_word' id='word_1_6' title='bbox 892 733 928 795; x_wconf 85' lang='lat' dir='ltr'><strong>C.</strong></span> <span class='ocrx_word' id='word_1_7' title='bbox 949 731 1053 810; x_wconf 56' lang='lat' dir='ltr'><strong>aad.</strong></span> <span class='ocrx_word' id='word_1_8' title='bbox 1076 739 1128 818; x_wconf 87' lang='grc'><strong>87.</strong></span> <span class='ocrx_word' id='word_1_9' title='bbox 1147 736 1192 798; x_wconf 89' lang='lat' dir='ltr'><strong>ad</strong></span> <span class='ocrx_word' id='word_1_10' title='bbox 1212 734 1284 800; x_wconf 89' lang='lat' dir='ltr'><strong>tale</strong></span> <span class='ocrx_word' id='word_1_11' title='bbox 1306 735 1495 801; x_wconf 84' lang='lat' dir='ltr'><strong>consilium</strong></span> <span class='ocrx_word' id='word_1_12' title='bbox 1516 737 1621 814; x_wconf 75' lang='grc'><strong>(1.10.</strong></span> <span class='ocrx_word' id='word_1_13' title='bbox 1643 739 1754 806; x_wconf 77' lang='lat' dir='ltr'><strong>addu-</strong></span> 
     </span>
     <span class='ocr_line' id='line_1_3' title="bbox 381 843 1308 936; baseline -0.008 -26"><span class='ocrx_word' id='word_1_14' title='bbox 381 866 458 910; x_wconf 88' lang='lat' dir='ltr'><strong>cere</strong></span> <span class='ocrx_word' id='word_1_15' title='bbox 479 843 594 928; x_wconf 90' lang='lat' dir='ltr'><strong>copias</strong></span> <span class='ocrx_word' id='word_1_16' title='bbox 614 844 654 906; x_wconf 92' lang='lat' dir='ltr'><strong>in</strong></span> <span class='ocrx_word' id='word_1_17' title='bbox 673 847 773 904; x_wconf 89' lang='lat' dir='ltr'><strong>Num.</strong></span> <span class='ocrx_word' id='word_1_18' title='bbox 792 843 823 903; x_wconf 85' lang='lat' dir='ltr'><strong>J.</strong></span> <span class='ocrx_word' id='word_1_19' title='bbox 846 863 896 936; x_wconf 88' lang='grc'><strong>97.</strong></span> <span class='ocrx_word' id='word_1_20' title='bbox 915 861 994 923; x_wconf 89' lang='lat' dir='ltr'><strong>pars</strong></span> <span class='ocrx_word' id='word_1_21' title='bbox 1015 844 1162 904; x_wconf 88' lang='lat' dir='ltr'><strong>adducta</strong></span> <span class='ocrx_word' id='word_1_22' title='bbox 1182 845 1214 909; x_wconf 91' lang='grc'><strong>1.</strong></span> <span class='ocrx_word' id='word_1_23' title='bbox 1238 846 1308 914; x_wconf 71' lang='grc'><strong>65.,·</strong></span> 
     </span>
    </p>

    <p class='ocr_par' dir='ltr' id='par_1_3' title="bbox 340 939 1763 1135">
     <span class='ocr_line' id='line_1_4' title="bbox 340 939 1763 1032; baseline 0 -20"><span class='ocrx_word' id='word_1_24' title='bbox 340 950 489 1031; x_wconf 76' lang='lat' dir='ltr'><strong>Adepta</strong></span> <span class='ocrx_word' id='word_1_25' title='bbox 509 949 674 1013; x_wconf 81' lang='lat' dir='ltr'><strong>libertate</strong></span> <span class='ocrx_word' id='word_1_26' title='bbox 690 951 765 1028; x_wconf 76' lang='grc'><strong>(1.7.</strong></span> <span class='ocrx_word' id='word_1_27' title='bbox 787 947 933 1010; x_wconf 86' lang='lat' dir='ltr'><strong>victoria</strong></span> <span class='ocrx_word' id='word_1_28' title='bbox 953 949 984 1009; x_wconf 86' lang='lat' dir='ltr'><strong>J.</strong></span> <span class='ocrx_word' id='word_1_29' title='bbox 1001 970 1067 1008; x_wconf 88' lang='grc' dir='ltr'><strong>ιοι.</strong></span> <span class='ocrx_word' id='word_1_30' title='bbox 1088 947 1232 1030; x_wconf 81' lang='lat' dir='ltr'><strong>passive.</strong></span> <span class='ocrx_word' id='word_1_31' title='bbox 1253 952 1417 1032; x_wconf 89' lang='lat' dir='ltr'><strong>adeptum</strong></span> <span class='ocrx_word' id='word_1_32' title='bbox 1437 967 1509 1010; x_wconf 89' lang='lat' dir='ltr'><strong>esse</strong></span> <span class='ocrx_word' id='word_1_33' title='bbox 1529 948 1673 1031; x_wconf 70' lang='lat' dir='ltr'><strong>praemia</strong></span> <span class='ocrx_word' id='word_1_34' title='bbox 1685 939 1763 1030; x_wconf 27' lang='lat' dir='ltr'><strong>see,-¹</strong></span> 
     </span>
     <span class='ocr_line' id='line_1_5' title="bbox 380 1051 1671 1135; baseline 0 -19"><span class='ocrx_word' id='word_1_35' title='bbox 380 1054 463 1116; x_wconf 91' lang='lat' dir='ltr'><strong>leris</strong></span> <span class='ocrx_word' id='word_1_36' title='bbox 483 1064 512 1118; x_wconf 89' lang='lat' dir='ltr'><strong>J.</strong></span> <span class='ocrx_word' id='word_1_37' title='bbox 536 1070 586 1115; x_wconf 87' lang='grc'><strong>50.</strong></span> <span class='ocrx_word' id='word_1_38' title='bbox 607 1073 679 1116; x_wconf 90' lang='lat' dir='ltr'><strong>non</strong></span> <span class='ocrx_word' id='word_1_39' title='bbox 700 1054 913 1116; x_wconf 84' lang='lat' dir='ltr'><strong>incruentam</strong></span> <span class='ocrx_word' id='word_1_40' title='bbox 933 1051 1119 1115; x_wconf 83' lang='lat' dir='ltr'><strong>victoriam</strong></span> <span class='ocrx_word' id='word_1_41' title='bbox 1141 1053 1176 1112; x_wconf 91' lang='lat' dir='ltr'><strong>C.</strong></span> <span class='ocrx_word' id='word_1_42' title='bbox 1199 1054 1250 1113; x_wconf 86' lang='lat'><strong>60.</strong></span> <span class='ocrx_word' id='word_1_43' title='bbox 1269 1053 1484 1135; x_wconf 86' lang='lat' dir='ltr'><strong>provinciam</strong></span> <span class='ocrx_word' id='word_1_44' title='bbox 1507 1057 1550 1116; x_wconf 90' lang='lat' dir='ltr'><strong>H.</strong></span> <span class='ocrx_word' id='word_1_45' title='bbox 1571 1057 1598 1116; x_wconf 94' lang='lat' dir='ltr'><strong>I.</strong></span> <span class='ocrx_word' id='word_1_46' title='bbox 1624 1057 1671 1122; x_wconf 85' lang='grc'><strong>55.</strong></span> 
     </span>
    </p>

    <p class='ocr_par' dir='ltr' id='par_1_4' title="bbox 283 1139 1749 1243">
     <span class='ocr_line' id='line_1_6' title="bbox 283 1139 1749 1243; baseline 0 -21"><span class='ocrx_word' id='word_1_47' title='bbox 283 1195 290 1208; x_wconf 81' lang='lat'><strong>·</strong></span> <span class='ocrx_word' id='word_1_48' title='bbox 339 1149 477 1225; x_wconf 77' lang='lat' dir='ltr'><strong>Adeste</strong></span> <span class='ocrx_word' id='word_1_49' title='bbox 497 1158 651 1243; x_wconf 81' lang='lat' dir='ltr'><strong>Quirites</strong></span> <span class='ocrx_word' id='word_1_50' title='bbox 671 1162 715 1222; x_wconf 90' lang='lat' dir='ltr'><strong>H.</strong></span> <span class='ocrx_word' id='word_1_51' title='bbox 736 1154 773 1221; x_wconf 76' lang='lat' dir='ltr'><strong>I.</strong></span> <span class='ocrx_word' id='word_1_52' title='bbox 788 1161 835 1222; x_wconf 92' lang='grc'><strong>55.</strong></span> <span class='ocrx_word' id='word_1_53' title='bbox 863 1161 982 1221; x_wconf 77' lang='lat' dir='ltr'><strong>adesse</strong></span> <span class='ocrx_word' id='word_1_54' title='bbox 1002 1161 1109 1228; x_wconf 87' lang='lat' dir='ltr'><strong>modo</strong></span> <span class='ocrx_word' id='word_1_55' title='bbox 1130 1155 1168 1219; x_wconf 89' lang='lat' dir='ltr'><strong>in</strong></span> <span class='ocrx_word' id='word_1_56' title='bbox 1189 1159 1390 1242; x_wconf 81' lang='lat' dir='ltr'><strong>postremis,</strong></span> <span class='ocrx_word' id='word_1_57' title='bbox 1409 1151 1497 1243; x_wconf 69' lang='lat' dir='ltr'><strong>saepe</strong></span> <span class='ocrx_word' id='word_1_58' title='bbox 1518 1160 1558 1221; x_wconf 94' lang='lat' dir='ltr'><strong>in</strong></span> <span class='ocrx_word' id='word_1_59' title='bbox 1578 1139 1695 1224; x_wconf 84' lang='lat' dir='ltr'><strong>medio</strong></span> <span class='ocrx_word' id='word_1_60' title='bbox 1717 1169 1749 1225; x_wconf 87' lang='lat' dir='ltr'><strong>J.</strong></span> 
     </span>
    </p>

    <p class='ocr_par' dir='ltr' id='par_1_5' title="bbox 359 1265 1754 1354">
     <span class='ocr_line' id='line_1_7' title="bbox 359 1265 1754 1354; baseline 0.002 -27"><span class='ocrx_word' id='word_1_61' title='bbox 359 1267 431 1341; x_wconf 58' lang='grc'><strong>95.</strong></span> <span class='ocrx_word' id='word_1_62' title='bbox 450 1285 576 1354; x_wconf 74' lang='lat' dir='ltr'><strong>pugnae</strong></span> <span class='ocrx_word' id='word_1_63' title='bbox 598 1276 633 1331; x_wconf 90' lang='grc'><strong>1.</strong></span> <span class='ocrx_word' id='word_1_64' title='bbox 653 1267 703 1349; x_wconf 82' lang='grc'><strong>87.</strong></span> <span class='ocrx_word' id='word_1_65' title='bbox 732 1265 769 1328; x_wconf 93' lang='lat' dir='ltr'><strong>in</strong></span> <span class='ocrx_word' id='word_1_66' title='bbox 790 1275 887 1350; x_wconf 84' lang='lat' dir='ltr'><strong>parte</strong></span> <span class='ocrx_word' id='word_1_67' title='bbox 907 1275 939 1329; x_wconf 88' lang='grc'><strong>1.</strong></span> <span class='ocrx_word' id='word_1_68' title='bbox 961 1280 1011 1346; x_wconf 76' lang='grc'><strong>74.</strong></span> <span class='ocrx_word' id='word_1_69' title='bbox 1040 1267 1221 1327; x_wconf 78' lang='lat' dir='ltr'><strong>advorsum</strong></span> <span class='ocrx_word' id='word_1_70' title='bbox 1244 1266 1354 1328; x_wconf 90' lang='lat' dir='ltr'><strong>hostis</strong></span> <span class='ocrx_word' id='word_1_71' title='bbox 1374 1269 1491 1329; x_wconf 86' lang='lat' dir='ltr'><strong>adesse</strong></span> <span class='ocrx_word' id='word_1_72' title='bbox 1510 1278 1542 1332; x_wconf 94' lang='grc'><strong>1.</strong></span> <span class='ocrx_word' id='word_1_73' title='bbox 1560 1283 1611 1347; x_wconf 73' lang='grc'><strong>95.</strong></span> <span class='ocrx_word' id='word_1_74' title='bbox 1638 1265 1754 1330; x_wconf 84' lang='lat' dir='ltr'><strong>vobis-</strong></span> 
     </span>
    </p>

    <p class='ocr_par' dir='ltr' id='par_1_6' title="bbox 285 1363 1752 1457">
     <span class='ocr_line' id='line_1_8' title="bbox 285 1363 1752 1457; baseline 0.001 -23"><span class='ocrx_word' id='word_1_75' title='bbox 285 1414 288 1418; x_wconf 87' lang='lat'>·</span> <span class='ocrx_word' id='word_1_76' title='bbox 379 1392 459 1446; x_wconf 86' lang='lat' dir='ltr'><strong>cum</strong></span> <span class='ocrx_word' id='word_1_77' title='bbox 479 1363 583 1436; x_wconf 87' lang='lat' dir='ltr'><strong>adero</strong></span> <span class='ocrx_word' id='word_1_78' title='bbox 604 1383 637 1436; x_wconf 89' lang='lat' dir='ltr'><strong>J.</strong></span> <span class='ocrx_word' id='word_1_79' title='bbox 659 1370 710 1433; x_wconf 91' lang='grc'><strong>85.</strong></span> <span class='ocrx_word' id='word_1_80' title='bbox 740 1371 779 1432; x_wconf 91' lang='lat' dir='ltr'><strong>in</strong></span> <span class='ocrx_word' id='word_1_81' title='bbox 799 1392 917 1455; x_wconf 87' lang='lat' dir='ltr'><strong>pugna</strong></span> <span class='ocrx_word' id='word_1_82' title='bbox 936 1383 968 1437; x_wconf 91' lang='grc'><strong>1.</strong></span> <span class='ocrx_word' id='word_1_83' title='bbox 994 1370 1187 1434; x_wconf 86' lang='lat' dir='ltr'><strong>101.alicui</strong></span> <span class='ocrx_word' id='word_1_84' title='bbox 1208 1371 1247 1432; x_wconf 93' lang='lat' dir='ltr'><strong>in</strong></span> <span class='ocrx_word' id='word_1_85' title='bbox 1267 1372 1371 1448; x_wconf 78' lang='lat' dir='ltr'><strong>bellis</strong></span> <span class='ocrx_word' id='word_1_86' title='bbox 1391 1383 1425 1437; x_wconf 92' lang='grc'><strong>1.</strong></span> <span class='ocrx_word' id='word_1_87' title='bbox 1449 1388 1498 1447; x_wconf 74' lang='lat'><strong>14.</strong></span> <span class='ocrx_word' id='word_1_88' title='bbox 1518 1374 1612 1457; x_wconf 91' lang='lat' dir='ltr'><strong>apud</strong></span> <span class='ocrx_word' id='word_1_89' title='bbox 1631 1389 1752 1435; x_wconf 80' lang='lat' dir='ltr'><strong>omnes</strong></span> 
     </span>
    </p>

    <p class='ocr_par' dir='ltr' id='par_1_7' title="bbox 378 1474 1782 1563">
     <span class='ocr_line' id='line_1_9' title="bbox 378 1474 1782 1563; baseline -0.002 -20"><span class='ocrx_word' id='word_1_90' title='bbox 378 1487 411 1543; x_wconf 88' lang='grc'><strong>1.</strong></span> <span class='ocrx_word' id='word_1_91' title='bbox 437 1500 504 1539; x_wconf 87' lang='grc'><strong>500.</strong></span> <span class='ocrx_word' id='word_1_92' title='bbox 534 1476 664 1540; x_wconf 84' lang='lat' dir='ltr'><strong>infensi</strong></span> <span class='ocrx_word' id='word_1_93' title='bbox 685 1480 809 1538; x_wconf 80' lang='lat' dir='ltr'><strong>adsunt</strong></span> <span class='ocrx_word' id='word_1_94' title='bbox 830 1487 862 1541; x_wconf 88' lang='grc'><strong>1.</strong></span> <span class='ocrx_word' id='word_1_95' title='bbox 887 1484 935 1540; x_wconf 87' lang='grc'><strong>50.</strong></span> <span class='ocrx_word' id='word_1_96' title='bbox 963 1474 1094 1539; x_wconf 89' lang='lat' dir='ltr'><strong>feroces</strong></span> <span class='ocrx_word' id='word_1_97' title='bbox 1117 1478 1153 1536; x_wconf 92' lang='lat' dir='ltr'><strong>C.</strong></span> <span class='ocrx_word' id='word_1_98' title='bbox 1178 1478 1228 1540; x_wconf 89' lang='grc'><strong>55.</strong></span> <span class='ocrx_word' id='word_1_99' title='bbox 1257 1477 1385 1560; x_wconf 82' lang='lat' dir='ltr'><strong>noetis,</strong></span> <span class='ocrx_word' id='word_1_100' title='bbox 1417 1495 1493 1558; x_wconf 85' lang='lat' dir='ltr'><strong>quae</strong></span> <span class='ocrx_word' id='word_1_101' title='bbox 1517 1479 1590 1556; x_wconf 88' lang='lat' dir='ltr'><strong>jam</strong></span> <span class='ocrx_word' id='word_1_102' title='bbox 1618 1482 1755 1563; x_wconf 84' lang='lat' dir='ltr'><strong>aderat,</strong></span> <span class='ocrx_word' id='word_1_103' title='bbox 1773 1483 1782 1496; x_wconf 87' lang='grc'><strong>“’</strong></span> 
     </span>
    </p>

    <p class='ocr_par' dir='ltr' id='par_1_8' title="bbox 377 1573 1751 1667">
     <span class='ocr_line' id='line_1_10' title="bbox 377 1573 1751 1667; baseline 0.001 -21"><span class='ocrx_word' id='word_1_104' title='bbox 377 1573 511 1646; x_wconf 82' lang='lat' dir='ltr'><strong>auxilio</strong></span> <span class='ocrx_word' id='word_1_105' title='bbox 531 1594 565 1647; x_wconf 87' lang='lat' dir='ltr'><strong>J.</strong></span> <span class='ocrx_word' id='word_1_106' title='bbox 588 1583 636 1647; x_wconf 88' lang='grc'><strong>58.</strong></span> <span class='ocrx_word' id='word_1_107' title='bbox 671 1581 739 1644; x_wconf 87' lang='lat' dir='ltr'><strong>sihi</strong></span> <span class='ocrx_word' id='word_1_108' title='bbox 759 1581 866 1645; x_wconf 88' lang='lat' dir='ltr'><strong>finem</strong></span> <span class='ocrx_word' id='word_1_109' title='bbox 886 1581 966 1645; x_wconf 81' lang='lat' dir='ltr'><strong>vitae</strong></span> <span class='ocrx_word' id='word_1_110' title='bbox 987 1584 1104 1643; x_wconf 86' lang='lat' dir='ltr'><strong>adesse</strong></span> <span class='ocrx_word' id='word_1_111' title='bbox 1124 1591 1157 1645; x_wconf 88' lang='lat' dir='ltr'><strong>J.</strong></span> <span class='ocrx_word' id='word_1_112' title='bbox 1178 1603 1209 1662; x_wconf 85' lang='lat'><strong>9.</strong></span> <span class='ocrx_word' id='word_1_113' title='bbox 1230 1584 1349 1645; x_wconf 90' lang='lat' dir='ltr'><strong>omnia</strong></span> <span class='ocrx_word' id='word_1_114' title='bbox 1368 1583 1532 1667; x_wconf 75' lang='lat' dir='ltr'><strong>praesidio</strong></span> <span class='ocrx_word' id='word_1_115' title='bbox 1565 1587 1690 1647; x_wconf 82' lang='lat' dir='ltr'><strong>adsunt</strong></span> <span class='ocrx_word' id='word_1_116' title='bbox 1717 1595 1751 1651; x_wconf 82' lang='lat' dir='ltr'><strong>J.</strong></span> 
     </span>
    </p>

    <p class='ocr_par' dir='ltr' id='par_1_9' title="bbox 378 1687 1752 1773">
     <span class='ocr_line' id='line_1_11' title="bbox 378 1687 1752 1773; baseline 0.004 -24"><span class='ocrx_word' id='word_1_117' title='bbox 378 1691 428 1750; x_wconf 88' lang='grc'><strong>85.</strong></span> <span class='ocrx_word' id='word_1_118' title='bbox 450 1689 631 1773; x_wconf 83' lang='lat' dir='ltr'><strong>Jugurthae</strong></span> <span class='ocrx_word' id='word_1_119' title='bbox 642 1687 785 1752; x_wconf 81' lang='lat' dir='ltr'><strong>exitium</strong></span> <span class='ocrx_word' id='word_1_120' title='bbox 804 1696 837 1753; x_wconf 89' lang='grc'><strong>1.</strong></span> <span class='ocrx_word' id='word_1_121' title='bbox 852 1706 903 1768; x_wconf 89' lang='lat'><strong>70.</strong></span> <span class='ocrx_word' id='word_1_122' title='bbox 922 1707 1033 1771; x_wconf 91' lang='lat' dir='ltr'><strong>prope</strong></span> <span class='ocrx_word' id='word_1_123' title='bbox 1054 1689 1173 1752; x_wconf 88' lang='lat' dir='ltr'><strong>adesse</strong></span> <span class='ocrx_word' id='word_1_124' title='bbox 1192 1699 1225 1754; x_wconf 92' lang='grc'><strong>1.</strong></span> <span class='ocrx_word' id='word_1_125' title='bbox 1243 1710 1308 1752; x_wconf 87' lang='grc'><strong>505.</strong></span> <span class='ocrx_word' id='word_1_126' title='bbox 1328 1692 1450 1752; x_wconf 85' lang='lat' dir='ltr'><strong>adsum</strong></span> <span class='ocrx_word' id='word_1_127' title='bbox 1471 1695 1533 1753; x_wconf 85' lang='lat' dir='ltr'><strong>en!</strong></span> <span class='ocrx_word' id='word_1_128' title='bbox 1557 1689 1685 1754; x_wconf 89' lang='lat' dir='ltr'><strong>Consul</strong></span> <span class='ocrx_word' id='word_1_129' title='bbox 1706 1691 1752 1754; x_wconf 88' lang='lat' dir='ltr'><strong>H.</strong></span> 
     </span>
    </p>

    <p class='ocr_par' dir='ltr' id='par_1_10' title="bbox 379 1813 520 1874">
     <span class='ocr_line' id='line_1_12' title="bbox 379 1813 520 1874; baseline 0 -19"><span class='ocrx_word' id='word_1_130' title='bbox 379 1813 448 1856; x_wconf 87' lang='lat' dir='ltr'><strong>rnc.</strong></span> <span class='ocrx_word' id='word_1_131' title='bbox 473 1816 520 1874; x_wconf 90' lang='lat'><strong>17.</strong></span> 
     </span>
    </p>
   </div>
   <div class='ocr_carea' id='block_1_3' title="bbox 337 1879 1873 1984">
    <p class='ocr_par' dir='ltr' id='par_1_11' title="bbox 337 1879 1873 1984">
     <span class='ocr_line' id='line_1_13' title="bbox 337 1879 1873 1984; baseline 0.001 -20"><span class='ocrx_word' id='word_1_132' title='bbox 337 1898 453 1964; x_wconf 86' lang='lat' dir='ltr'><strong>Adeo.</strong></span> <span class='ocrx_word' id='word_1_133' title='bbox 487 1899 525 1962; x_wconf 90' lang='lat' dir='ltr'><strong>id</strong></span> <span class='ocrx_word' id='word_1_134' title='bbox 546 1901 634 1964; x_wconf 89' lang='lat' dir='ltr'><strong>adeo</strong></span> <span class='ocrx_word' id='word_1_135' title='bbox 653 1918 750 1963; x_wconf 89' lang='lat' dir='ltr'><strong>more</strong></span> <span class='ocrx_word' id='word_1_136' title='bbox 767 1903 833 1961; x_wconf 78' lang='lat' dir='ltr'><strong>&#39;suo</strong></span> <span class='ocrx_word' id='word_1_137' title='bbox 852 1890 1037 1961; x_wconf 83' lang='lat' dir='ltr'><strong>videbatur</strong></span> <span class='ocrx_word' id='word_1_138' title='bbox 1053 1879 1170 1975; x_wconf 75' lang='lat' dir='ltr'><strong>facere</strong></span> <span class='ocrx_word' id='word_1_139' title='bbox 1191 1903 1226 1966; x_wconf 91' lang='lat' dir='ltr'><strong>C.</strong></span> <span class='ocrx_word' id='word_1_140' title='bbox 1248 1903 1300 1983; x_wconf 83' lang='lat'><strong>37.</strong></span> <span class='ocrx_word' id='word_1_141' title='bbox 1331 1901 1369 1965; x_wconf 91' lang='lat' dir='ltr'><strong>id</strong></span> <span class='ocrx_word' id='word_1_142' title='bbox 1390 1905 1477 1964; x_wconf 92' lang='lat' dir='ltr'><strong>adeo</strong></span> <span class='ocrx_word' id='word_1_143' title='bbox 1500 1909 1633 1964; x_wconf 90' lang='lat' dir='ltr'><strong>mature</strong></span> <span class='ocrx_word' id='word_1_144' title='bbox 1652 1919 1753 1984; x_wconf 86' lang='lat' dir='ltr'><strong>posse</strong></span> <span class='ocrx_word' id='word_1_145' title='bbox 1871 1969 1873 1973; x_wconf 74' lang='grc'>,</span> 
     </span>
    </p>
   </div>
   <div class='ocr_carea' id='block_1_4' title="bbox 278 2005 1871 4515">
    <p class='ocr_par' dir='ltr' id='par_1_12' title="bbox 379 2005 1755 2194">
     <span class='ocr_line' id='line_1_14' title="bbox 381 2005 1755 2092; baseline -0.001 -22"><span class='ocrx_word' id='word_1_146' title='bbox 381 2007 520 2070; x_wconf 87' lang='lat' dir='ltr'><strong>evenire</strong></span> <span class='ocrx_word' id='word_1_147' title='bbox 540 2019 572 2072; x_wconf 90' lang='lat' dir='ltr'><strong>J.</strong></span> <span class='ocrx_word' id='word_1_148' title='bbox 596 2008 647 2068; x_wconf 86' lang='grc'><strong>65·</strong></span> <span class='ocrx_word' id='word_1_149' title='bbox 674 2007 711 2067; x_wconf 92' lang='lat' dir='ltr'><strong>id</strong></span> <span class='ocrx_word' id='word_1_150' title='bbox 732 2007 819 2068; x_wconf 91' lang='lat' dir='ltr'><strong>adeo</strong></span> <span class='ocrx_word' id='word_1_151' title='bbox 841 2005 1062 2090; x_wconf 89' lang='lat' dir='ltr'><strong>inpromptu</strong></span> <span class='ocrx_word' id='word_1_152' title='bbox 1085 2027 1157 2086; x_wconf 86' lang='lat' dir='ltr'><strong>esse</strong></span> <span class='ocrx_word' id='word_1_153' title='bbox 1178 2010 1210 2070; x_wconf 86' lang='lat' dir='ltr'><strong>J.</strong></span> <span class='ocrx_word' id='word_1_154' title='bbox 1236 2032 1303 2071; x_wconf 86' lang='grc' dir='ltr'><strong>ιιι.</strong></span> <span class='ocrx_word' id='word_1_155' title='bbox 1335 2009 1373 2071; x_wconf 91' lang='lat' dir='ltr'><strong>id</strong></span> <span class='ocrx_word' id='word_1_156' title='bbox 1393 2009 1479 2071; x_wconf 84' lang='lat' dir='ltr'><strong>adeo&#39;</strong></span> <span class='ocrx_word' id='word_1_157' title='bbox 1501 2007 1651 2092; x_wconf 82' lang='lat' dir='ltr'><strong>experiri</strong></span> <span class='ocrx_word' id='word_1_158' title='bbox 1670 2008 1755 2070; x_wconf 87' lang='lat' dir='ltr'><strong>licet</strong></span> 
     </span>
     <span class='ocr_line' id='line_1_15' title="bbox 379 2107 1754 2194; baseline 0.002 -20"><span class='ocrx_word' id='word_1_159' title='bbox 379 2107 411 2174; x_wconf 87' lang='lat' dir='ltr'><strong>J.</strong></span> <span class='ocrx_word' id='word_1_160' title='bbox 435 2133 504 2172; x_wconf 87' lang='grc'><strong>550.</strong></span> <span class='ocrx_word' id='word_1_161' title='bbox 531 2112 570 2174; x_wconf 93' lang='lat' dir='ltr'><strong>id</strong></span> <span class='ocrx_word' id='word_1_162' title='bbox 597 2115 684 2177; x_wconf 90' lang='lat' dir='ltr'><strong>adeo</strong></span> <span class='ocrx_word' id='word_1_163' title='bbox 705 2120 890 2174; x_wconf 82' lang='lat' dir='ltr'><strong>reverterat</strong></span> <span class='ocrx_word' id='word_1_164' title='bbox 917 2114 953 2173; x_wconf 92' lang='lat' dir='ltr'><strong>C.</strong></span> <span class='ocrx_word' id='word_1_165' title='bbox 977 2119 1026 2192; x_wconf 81' lang='grc'><strong>17.</strong></span> <span class='ocrx_word' id='word_1_166' title='bbox 1056 2133 1166 2194; x_wconf 86' lang='lat' dir='ltr'><strong>usque</strong></span> <span class='ocrx_word' id='word_1_167' title='bbox 1188 2117 1274 2177; x_wconf 89' lang='lat' dir='ltr'><strong>adeo</strong></span> <span class='ocrx_word' id='word_1_168' title='bbox 1297 2123 1335 2176; x_wconf 91' lang='lat' dir='ltr'><strong>ut</strong></span> <span class='ocrx_word' id='word_1_169' title='bbox 1356 2117 1391 2177; x_wconf 94' lang='lat' dir='ltr'><strong>C.</strong></span> <span class='ocrx_word' id='word_1_170' title='bbox 1413 2130 1464 2194; x_wconf 76' lang='grc'><strong>59.</strong></span> <span class='ocrx_word' id='word_1_171' title='bbox 1496 2134 1646 2194; x_wconf 87' lang='lat' dir='ltr'><strong>quorum</strong></span> <span class='ocrx_word' id='word_1_172' title='bbox 1666 2115 1754 2177; x_wconf 87' lang='lat' dir='ltr'><strong>adeo</strong></span> 
     </span>
    </p>

    <p class='ocr_par' dir='ltr' id='par_1_13' title="bbox 341 2200 1428 2302">
     <span class='ocr_line' id='line_1_16' title="bbox 341 2200 1428 2302; baseline 0.004 -24"><span class='ocrx_word' id='word_1_173' title='bbox 341 2200 345 2205; x_wconf 46' lang='grc'><strong>’</strong></span> <span class='ocrx_word' id='word_1_174' title='bbox 379 2216 511 2278; x_wconf 88' lang='lat' dir='ltr'><strong>Sullam</strong></span> <span class='ocrx_word' id='word_1_175' title='bbox 532 2236 604 2280; x_wconf 87' lang='lat' dir='ltr'><strong>non</strong></span> <span class='ocrx_word' id='word_1_176' title='bbox 624 2216 785 2302; x_wconf 68' lang='lat' dir='ltr'><strong>paenitet,</strong></span> <span class='ocrx_word' id='word_1_177' title='bbox 808 2229 856 2282; x_wconf 84' lang='lat' dir='ltr'><strong>ut.</strong></span> <span class='ocrx_word' id='word_1_178' title='bbox 877 2221 921 2280; x_wconf 92' lang='lat' dir='ltr'><strong>H.</strong></span> <span class='ocrx_word' id='word_1_179' title='bbox 943 2222 971 2281; x_wconf 92' lang='lat'><strong>1.</strong></span> <span class='ocrx_word' id='word_1_180' title='bbox 996 2225 1043 2283; x_wconf 88' lang='grc'><strong>55.</strong></span> <span class='ocrx_word' id='word_1_181' title='bbox 1063 2220 1124 2284; x_wconf 86' lang='lat' dir='ltr'><strong>cfr.</strong></span> <span class='ocrx_word' id='word_1_182' title='bbox 1146 2223 1189 2283; x_wconf 91' lang='lat' dir='ltr'><strong>H.</strong></span> <span class='ocrx_word' id='word_1_183' title='bbox 1211 2223 1255 2282; x_wconf 97' lang='lat' dir='ltr'><strong>II.</strong></span> <span class='ocrx_word' id='word_1_184' title='bbox 1278 2223 1328 2292; x_wconf 75' lang='grc'><strong>18.</strong></span> <span class='ocrx_word' id='word_1_185' title='bbox 1349 2223 1375 2281; x_wconf 93' lang='lat'><strong>1.</strong></span> <span class='ocrx_word' id='word_1_186' title='bbox 1398 2242 1428 2301; x_wconf 87' lang='lat'><strong>9.</strong></span> 
     </span>
    </p>

    <p class='ocr_par' dir='ltr' id='par_1_14' title="bbox 339 2319 1506 2404">
     <span class='ocr_line' id='line_1_17' title="bbox 339 2319 1506 2404; baseline -0.003 -17"><span class='ocrx_word' id='word_1_187' title='bbox 339 2319 575 2396; x_wconf 80' lang='lat' dir='ltr'><strong>Adhibentur</strong></span> <span class='ocrx_word' id='word_1_188' title='bbox 593 2322 657 2384; x_wconf 88' lang='lat' dir='ltr'><strong>fidi</strong></span> <span class='ocrx_word' id='word_1_189' title='bbox 678 2324 883 2404; x_wconf 86' lang='lat' dir='ltr'><strong>interpretes</strong></span> <span class='ocrx_word' id='word_1_190' title='bbox 903 2336 936 2384; x_wconf 89' lang='grc'><strong>1.</strong></span> <span class='ocrx_word' id='word_1_191' title='bbox 962 2347 1036 2398; x_wconf 68' lang='grc'><strong>509.</strong></span> <span class='ocrx_word' id='word_1_192' title='bbox 1051 2326 1222 2382; x_wconf 72' lang='lat' dir='ltr'><strong>adhibitis</strong></span> <span class='ocrx_word' id='word_1_193' title='bbox 1241 2326 1362 2382; x_wconf 81' lang='lat' dir='ltr'><strong>amicis</strong></span> <span class='ocrx_word' id='word_1_194' title='bbox 1382 2327 1413 2385; x_wconf 91' lang='lat' dir='ltr'><strong>J.</strong></span> <span class='ocrx_word' id='word_1_195' title='bbox 1438 2329 1506 2384; x_wconf 81' lang='grc'><strong>558.</strong></span> 
     </span>
    </p>

    <p class='ocr_par' dir='ltr' id='par_1_15' title="bbox 339 2423 1360 2505">
     <span class='ocr_line' id='line_1_18' title="bbox 339 2423 1360 2505; baseline -0.004 -14"><span class='ocrx_word' id='word_1_196' title='bbox 339 2427 497 2493; x_wconf 76' lang='lat' dir='ltr'><strong>Adicere</strong></span> <span class='ocrx_word' id='word_1_197' title='bbox 517 2431 561 2489; x_wconf 83' lang='lat' dir='ltr'><strong>ad</strong></span> <span class='ocrx_word' id='word_1_198' title='bbox 577 2427 821 2505; x_wconf 91' lang='lat' dir='ltr'><strong>jusjurandum</strong></span> <span class='ocrx_word' id='word_1_199' title='bbox 842 2423 953 2487; x_wconf 88' lang='lat' dir='ltr'><strong>socios</strong></span> <span class='ocrx_word' id='word_1_200' title='bbox 974 2424 1225 2502; x_wconf 86' lang='lat' dir='ltr'><strong>conjurationis</strong></span> <span class='ocrx_word' id='word_1_201' title='bbox 1247 2429 1286 2487; x_wconf 91' lang='lat' dir='ltr'><strong>C.</strong></span> <span class='ocrx_word' id='word_1_202' title='bbox 1311 2444 1360 2487; x_wconf 84' lang='grc'><strong>55.</strong></span> 
     </span>
    </p>

    <p class='ocr_par' dir='ltr' id='par_1_16' title="bbox 339 2530 1754 2721">
     <span class='ocr_line' id='line_1_19' title="bbox 339 2530 1754 2613; baseline -0.001 -16"><span class='ocrx_word' id='word_1_203' title='bbox 339 2534 457 2598; x_wconf 81' lang='lat' dir='ltr'><strong>Adire</strong></span> <span class='ocrx_word' id='word_1_204' title='bbox 477 2550 653 2613; x_wconf 87' lang='lat' dir='ltr'><strong>quoquam</strong></span> <span class='ocrx_word' id='word_1_205' title='bbox 673 2531 764 2592; x_wconf 90' lang='lat' dir='ltr'><strong>mihi</strong></span> <span class='ocrx_word' id='word_1_206' title='bbox 783 2530 866 2592; x_wconf 84' lang='lat' dir='ltr'><strong>licet</strong></span> <span class='ocrx_word' id='word_1_207' title='bbox 886 2531 917 2590; x_wconf 90' lang='grc'><strong>1.</strong></span> <span class='ocrx_word' id='word_1_208' title='bbox 944 2532 989 2602; x_wconf 74' lang='grc' dir='ltr'><strong>ιΔ.</strong></span> <span class='ocrx_word' id='word_1_209' title='bbox 1021 2531 1160 2594; x_wconf 88' lang='lat' dir='ltr'><strong>castella</strong></span> <span class='ocrx_word' id='word_1_210' title='bbox 1179 2541 1211 2596; x_wconf 90' lang='grc'><strong>1.</strong></span> <span class='ocrx_word' id='word_1_211' title='bbox 1232 2537 1282 2611; x_wconf 91' lang='grc'><strong>89.</strong></span> <span class='ocrx_word' id='word_1_212' title='bbox 1313 2539 1452 2596; x_wconf 74' lang='lat' dir='ltr'><strong>caeteros</strong></span> <span class='ocrx_word' id='word_1_213' title='bbox 1472 2533 1508 2593; x_wconf 87' lang='lat' dir='ltr'><strong>G.</strong></span> <span class='ocrx_word' id='word_1_214' title='bbox 1529 2547 1581 2606; x_wconf 67' lang='grc' dir='ltr'><strong>ιιι.</strong></span> <span class='ocrx_word' id='word_1_215' title='bbox 1603 2534 1754 2598; x_wconf 88' lang='lat' dir='ltr'><strong>Marium</strong></span> 
     </span>
     <span class='ocr_line' id='line_1_20' title="bbox 380 2636 1174 2721; baseline -0.003 -23"><span class='ocrx_word' id='word_1_216' title='bbox 380 2658 527 2721; x_wconf 89' lang='lat' dir='ltr'><strong>propere</strong></span> <span class='ocrx_word' id='word_1_217' title='bbox 547 2648 579 2703; x_wconf 92' lang='grc'><strong>1.</strong></span> <span class='ocrx_word' id='word_1_218' title='bbox 601 2643 652 2715; x_wconf 88' lang='grc'><strong>95.</strong></span> <span class='ocrx_word' id='word_1_219' title='bbox 674 2636 771 2698; x_wconf 90' lang='lat' dir='ltr'><strong>aditu</strong></span> <span class='ocrx_word' id='word_1_220' title='bbox 793 2643 937 2720; x_wconf 89' lang='lat' dir='ltr'><strong>angusto</strong></span> <span class='ocrx_word' id='word_1_221' title='bbox 958 2645 991 2701; x_wconf 90' lang='grc'><strong>1.</strong></span> <span class='ocrx_word' id='word_1_222' title='bbox 1014 2657 1064 2716; x_wconf 90' lang='grc'><strong>95.</strong></span> <span class='ocrx_word' id='word_1_223' title='bbox 1170 2653 1174 2662; x_wconf 89' lang='lat'><em>·</em></span> 
     </span>
    </p>

    <p class='ocr_par' dir='ltr' id='par_1_17' title="bbox 339 2738 1795 3038">
     <span class='ocr_line' id='line_1_21' title="bbox 339 2738 1751 2831; baseline -0.002 -24"><span class='ocrx_word' id='word_1_224' title='bbox 339 2738 588 2831; x_wconf 77' lang='lat' dir='ltr'><strong>Acls&#39;utoribus</strong></span> <span class='ocrx_word' id='word_1_225' title='bbox 608 2742 687 2822; x_wconf 89' lang='lat' dir='ltr'><strong>quis</strong></span> <span class='ocrx_word' id='word_1_226' title='bbox 707 2761 823 2826; x_wconf 88' lang='lat' dir='ltr'><strong>regem</strong></span> <span class='ocrx_word' id='word_1_227' title='bbox 843 2760 1021 2825; x_wconf 84' lang='lat' dir='ltr'><strong>aggressus</strong></span> <span class='ocrx_word' id='word_1_228' title='bbox 1040 2753 1073 2807; x_wconf 88' lang='lat' dir='ltr'><strong>J.</strong></span> <span class='ocrx_word' id='word_1_229' title='bbox 1096 2744 1143 2805; x_wconf 89' lang='grc'><strong>80.</strong></span> <span class='ocrx_word' id='word_1_230' title='bbox 1165 2742 1364 2821; x_wconf 89' lang='lat' dir='ltr'><strong>adjumenta</strong></span> <span class='ocrx_word' id='word_1_231' title='bbox 1384 2743 1554 2828; x_wconf 83' lang='lat' dir='ltr'><strong>ingnaviae</strong></span> <span class='ocrx_word' id='word_1_232' title='bbox 1575 2744 1698 2807; x_wconf 90' lang='lat' dir='ltr'><strong>tollere</strong></span> <span class='ocrx_word' id='word_1_233' title='bbox 1719 2753 1751 2809; x_wconf 88' lang='grc'><strong>1.</strong></span> 
     </span>
     <span class='ocr_line' id='line_1_22' title="bbox 379 2834 1795 2933; baseline 0.002 -24"><span class='ocrx_word' id='word_1_234' title='bbox 379 2849 431 2920; x_wconf 75' lang='grc'><strong>15.</strong></span> <span class='ocrx_word' id='word_1_235' title='bbox 453 2849 615 2929; x_wconf 89' lang='lat' dir='ltr'><strong>ultroque</strong></span> <span class='ocrx_word' id='word_1_236' title='bbox 630 2847 808 2911; x_wconf 83' lang='lat' dir='ltr'><strong>licentiam</strong></span> <span class='ocrx_word' id='word_1_237' title='bbox 828 2846 867 2910; x_wconf 92' lang='lat' dir='ltr'><strong>in</strong></span> <span class='ocrx_word' id='word_1_238' title='bbox 887 2867 949 2911; x_wconf 86' lang='lat' dir='ltr'><strong>vos</strong></span> <span class='ocrx_word' id='word_1_239' title='bbox 969 2847 1110 2910; x_wconf 86' lang='lat' dir='ltr'><strong>auctum</strong></span> <span class='ocrx_word' id='word_1_240' title='bbox 1130 2857 1233 2929; x_wconf 88' lang='lat' dir='ltr'><strong>atque</strong></span> <span class='ocrx_word' id='word_1_241' title='bbox 1255 2848 1410 2925; x_wconf 90' lang='lat' dir='ltr'><strong>adjutum</strong></span> <span class='ocrx_word' id='word_1_242' title='bbox 1431 2834 1623 2933; x_wconf 77' lang='lat' dir='ltr'><strong>properatis</strong></span> <span class='ocrx_word' id='word_1_243' title='bbox 1637 2852 1681 2910; x_wconf 89' lang='lat' dir='ltr'><strong>H.</strong></span> <span class='ocrx_word' id='word_1_244' title='bbox 1695 2852 1753 2912; x_wconf 85' lang='lat'><strong>111.</strong></span> <span class='ocrx_word' id='word_1_245' title='bbox 1792 2875 1795 2882; x_wconf 91' lang='lat'>·</span> 
     </span>
     <span class='ocr_line' id='line_1_23' title="bbox 379 2959 1098 3038; baseline 0.003 -24"><span class='ocrx_word' id='word_1_246' title='bbox 379 2971 429 3016; x_wconf 90' lang='grc'><strong>55.</strong></span> <span class='ocrx_word' id='word_1_247' title='bbox 449 2977 484 3036; x_wconf 89' lang='lat' dir='ltr'><strong>p.</strong></span> <span class='ocrx_word' id='word_1_248' title='bbox 508 2959 576 3027; x_wconf 75' lang='grc'><strong>554.</strong></span> <span class='ocrx_word' id='word_1_249' title='bbox 1096 3033 1098 3038; x_wconf 22' lang='grc' dir='ltr'>Ι</span> 
     </span>
    </p>

    <p class='ocr_par' dir='ltr' id='par_1_18' title="bbox 336 3047 1871 3244">
     <span class='ocr_line' id='line_1_24' title="bbox 336 3047 1871 3148; baseline 0.001 -29"><span class='ocrx_word' id='word_1_250' title='bbox 336 3057 553 3148; x_wconf 83' lang='lat' dir='ltr'><strong>Adjungere</strong></span> <span class='ocrx_word' id='word_1_251' title='bbox 573 3055 706 3121; x_wconf 84' lang='lat' dir='ltr'><strong>alienos</strong></span> <span class='ocrx_word' id='word_1_252' title='bbox 725 3057 757 3121; x_wconf 87' lang='lat' dir='ltr'><strong>J.</strong></span> <span class='ocrx_word' id='word_1_253' title='bbox 784 3078 830 3120; x_wconf 92' lang='grc' dir='ltr'><strong>ιο.</strong></span> <span class='ocrx_word' id='word_1_254' title='bbox 850 3057 1203 3136; x_wconf 70' lang='grc'><strong>015155105,5010551010</strong></span> <span class='ocrx_word' id='word_1_255' title='bbox 1223 3047 1377 3147; x_wconf 72' lang='grc' dir='ltr'><strong>55590ιί0</strong></span> <span class='ocrx_word' id='word_1_256' title='bbox 1393 3081 1454 3125; x_wconf 90' lang='lat' dir='ltr'><strong>suo</strong></span> <span class='ocrx_word' id='word_1_257' title='bbox 1476 3059 1635 3144; x_wconf 86' lang='lat' dir='ltr'><strong>adjungit¹</strong></span> <span class='ocrx_word' id='word_1_258' title='bbox 1653 3068 1686 3124; x_wconf 91' lang='grc'><strong>1.</strong></span> <span class='ocrx_word' id='word_1_259' title='bbox 1705 3063 1751 3121; x_wconf 86' lang='grc'><strong>58.</strong></span> <span class='ocrx_word' id='word_1_260' title='bbox 1868 3056 1871 3062; x_wconf 79' lang='grc'>’</span> 
     </span>
     <span class='ocr_line' id='line_1_25' title="bbox 378 3163 727 3244; baseline 0 -19"><span class='ocrx_word' id='word_1_261' title='bbox 378 3164 448 3225; x_wconf 91' lang='lat' dir='ltr'><strong>sibi</strong></span> <span class='ocrx_word' id='word_1_262' title='bbox 469 3163 601 3225; x_wconf 85' lang='lat' dir='ltr'><strong>socium</strong></span> <span class='ocrx_word' id='word_1_263' title='bbox 621 3174 655 3228; x_wconf 89' lang='lat' dir='ltr'><strong>J.</strong></span> <span class='ocrx_word' id='word_1_264' title='bbox 677 3185 727 3244; x_wconf 94' lang='grc'><strong>70.</strong></span> 
     </span>
    </p>

    <p class='ocr_par' dir='ltr' id='par_1_19' title="bbox 336 3264 1754 3455">
     <span class='ocr_line' id='line_1_26' title="bbox 336 3264 1754 3355; baseline -0.002 -21"><span class='ocrx_word' id='word_1_265' title='bbox 336 3264 568 3334; x_wconf 83' lang='lat' dir='ltr'><strong>Administer</strong></span> <span class='ocrx_word' id='word_1_266' title='bbox 588 3270 814 3333; x_wconf 88' lang='lat' dir='ltr'><strong>consiliorum</strong></span> <span class='ocrx_word' id='word_1_267' title='bbox 835 3281 868 3337; x_wconf 88' lang='grc'><strong>1.</strong></span> <span class='ocrx_word' id='word_1_268' title='bbox 891 3287 942 3349; x_wconf 91' lang='grc'><strong>59.</strong></span> <span class='ocrx_word' id='word_1_269' title='bbox 962 3269 1096 3334; x_wconf 92' lang='lat' dir='ltr'><strong>bellum</strong></span> <span class='ocrx_word' id='word_1_270' title='bbox 1118 3270 1194 3336; x_wconf 90' lang='lat' dir='ltr'><strong>sine</strong></span> <span class='ocrx_word' id='word_1_271' title='bbox 1214 3271 1428 3335; x_wconf 89' lang='lat' dir='ltr'><strong>administris</strong></span> <span class='ocrx_word' id='word_1_272' title='bbox 1448 3270 1523 3355; x_wconf 88' lang='lat' dir='ltr'><strong>geri</strong></span> <span class='ocrx_word' id='word_1_273' title='bbox 1550 3290 1622 3333; x_wconf 90' lang='lat' dir='ltr'><strong>non</strong></span> <span class='ocrx_word' id='word_1_274' title='bbox 1642 3277 1754 3355; x_wconf 88' lang='lat' dir='ltr'><strong>potest</strong></span> 
     </span>
     <span class='ocr_line' id='line_1_27' title="bbox 377 3373 1628 3455; baseline -0.005 -14"><span class='ocrx_word' id='word_1_275' title='bbox 377 3385 410 3441; x_wconf 89' lang='grc'><strong>1.</strong></span> <span class='ocrx_word' id='word_1_276' title='bbox 433 3391 482 3455; x_wconf 78' lang='grc'><strong>74.</strong></span> <span class='ocrx_word' id='word_1_277' title='bbox 505 3373 564 3436; x_wconf 85' lang='lat' dir='ltr'><strong>cfr.</strong></span> <span class='ocrx_word' id='word_1_278' title='bbox 587 3379 637 3455; x_wconf 85' lang='grc'><strong>76.</strong></span> <span class='ocrx_word' id='word_1_279' title='bbox 726 3373 728 3378; x_wconf 78' lang='grc'><strong>’</strong></span> <span class='ocrx_word' id='word_1_280' title='bbox 1624 3447 1628 3450; x_wconf 86' lang='lat'><strong>.</strong></span> 
     </span>
    </p>

    <p class='ocr_par' dir='ltr' id='par_1_20' title="bbox 335 3477 1750 3672">
     <span class='ocr_line' id='line_1_28' title="bbox 335 3477 1750 3567; baseline -0.004 -21"><span class='ocrx_word' id='word_1_281' title='bbox 335 3479 613 3547; x_wconf 86' lang='lat' dir='ltr'><strong>Administrare</strong></span> <span class='ocrx_word' id='word_1_282' title='bbox 633 3480 762 3565; x_wconf 91' lang='lat' dir='ltr'><strong>oppida</strong></span> <span class='ocrx_word' id='word_1_283' title='bbox 781 3499 844 3565; x_wconf 86' lang='lat' dir='ltr'><strong>per</strong></span> <span class='ocrx_word' id='word_1_284' title='bbox 864 3481 1082 3567; x_wconf 82' lang='lat' dir='ltr'><strong>magistratus</strong></span> <span class='ocrx_word' id='word_1_285' title='bbox 1102 3491 1135 3545; x_wconf 91' lang='grc'><strong>1.</strong></span> <span class='ocrx_word' id='word_1_286' title='bbox 1161 3501 1208 3559; x_wconf 88' lang='lat'><strong>19.</strong></span> <span class='ocrx_word' id='word_1_287' title='bbox 1237 3480 1369 3541; x_wconf 92' lang='lat' dir='ltr'><strong>bellum</strong></span> <span class='ocrx_word' id='word_1_288' title='bbox 1389 3488 1432 3560; x_wconf 62' lang='grc' dir='ltr'><strong>1.δ</strong></span> <span class='ocrx_word' id='word_1_289' title='bbox 1444 3495 1494 3558; x_wconf 85' lang='grc'><strong>59.</strong></span> <span class='ocrx_word' id='word_1_290' title='bbox 1515 3477 1702 3560; x_wconf 90' lang='lat' dir='ltr'><strong>imperium</strong></span> <span class='ocrx_word' id='word_1_291' title='bbox 1720 3482 1750 3541; x_wconf 93' lang='grc'><strong>1.</strong></span> 
     </span>
     <span class='ocr_line' id='line_1_29' title="bbox 381 3583 1467 3672; baseline -0.006 -24"><span class='ocrx_word' id='word_1_292' title='bbox 381 3609 428 3654; x_wconf 91' lang='grc' dir='ltr'><strong>ιι.</strong></span> <span class='ocrx_word' id='word_1_293' title='bbox 451 3587 701 3672; x_wconf 86' lang='lat' dir='ltr'><strong>rempublicam</strong></span> <span class='ocrx_word' id='word_1_294' title='bbox 722 3599 753 3653; x_wconf 87' lang='lat' dir='ltr'><strong>J.</strong></span> <span class='ocrx_word' id='word_1_295' title='bbox 774 3589 823 3648; x_wconf 83' lang='grc'><strong>85.</strong></span> <span class='ocrx_word' id='word_1_296' title='bbox 843 3587 935 3650; x_wconf 84' lang='lat' dir='ltr'><strong>inter</strong></span> <span class='ocrx_word' id='word_1_297' title='bbox 954 3586 1072 3649; x_wconf 87' lang='lat' dir='ltr'><strong>vineas</strong></span> <span class='ocrx_word' id='word_1_298' title='bbox 1092 3583 1167 3645; x_wconf 92' lang='lat' dir='ltr'><strong>sine</strong></span> <span class='ocrx_word' id='word_1_299' title='bbox 1187 3583 1395 3664; x_wconf 74' lang='lat' dir='ltr'><strong>periculos.</strong></span> <span class='ocrx_word' id='word_1_300' title='bbox 1417 3600 1467 3659; x_wconf 88' lang='grc'><strong>95.</strong></span> 
     </span>
    </p>

    <p class='ocr_par' dir='ltr' id='par_1_21' title="bbox 336 3688 1417 3768">
     <span class='ocr_line' id='line_1_30' title="bbox 336 3688 1417 3768; baseline -0.011 -11"><span class='ocrx_word' id='word_1_301' title='bbox 336 3691 548 3757; x_wconf 81' lang='lat' dir='ltr'><strong>Admissum</strong></span> <span class='ocrx_word' id='word_1_302' title='bbox 569 3693 704 3760; x_wconf 84' lang='lat' dir='ltr'><strong>facinus</strong></span> <span class='ocrx_word' id='word_1_303' title='bbox 725 3692 923 3757; x_wconf 89' lang='lat' dir='ltr'><strong>miserabile</strong></span> <span class='ocrx_word' id='word_1_304' title='bbox 943 3703 976 3757; x_wconf 90' lang='grc'><strong>1.</strong></span> <span class='ocrx_word' id='word_1_305' title='bbox 1000 3694 1048 3754; x_wconf 83' lang='grc'><strong>58.</strong></span> <span class='ocrx_word' id='word_1_306' title='bbox 1070 3689 1198 3751; x_wconf 88' lang='lat' dir='ltr'><strong>scelere</strong></span> <span class='ocrx_word' id='word_1_307' title='bbox 1219 3688 1293 3748; x_wconf 91' lang='lat' dir='ltr'><strong>Cos.</strong></span> <span class='ocrx_word' id='word_1_308' title='bbox 1314 3695 1347 3750; x_wconf 88' lang='grc'><strong>1.</strong></span> <span class='ocrx_word' id='word_1_309' title='bbox 1367 3709 1417 3768; x_wconf 87' lang='grc' dir='ltr'><strong>9ι.</strong></span> 
     </span>
    </p>

    <p class='ocr_par' dir='ltr' id='par_1_22' title="bbox 335 3792 1752 4069">
     <span class='ocr_line' id='line_1_31' title="bbox 335 3792 1751 3888; baseline -0.005 -26"><span class='ocrx_word' id='word_1_310' title='bbox 335 3798 545 3863; x_wconf 83' lang='lat' dir='ltr'><strong>Admonere</strong></span> <span class='ocrx_word' id='word_1_311' title='bbox 565 3800 673 3862; x_wconf 90' lang='lat' dir='ltr'><strong>alium</strong></span> <span class='ocrx_word' id='word_1_312' title='bbox 703 3799 862 3884; x_wconf 86' lang='lat' dir='ltr'><strong>egestatis</strong></span> <span class='ocrx_word' id='word_1_313' title='bbox 883 3799 919 3857; x_wconf 89' lang='lat' dir='ltr'><strong>G.</strong></span> <span class='ocrx_word' id='word_1_314' title='bbox 944 3818 992 3856; x_wconf 86' lang='grc'><strong>55.</strong></span> <span class='ocrx_word' id='word_1_315' title='bbox 1024 3802 1158 3876; x_wconf 90' lang='lat' dir='ltr'><strong>tempus</strong></span> <span class='ocrx_word' id='word_1_316' title='bbox 1179 3792 1360 3854; x_wconf 89' lang='lat' dir='ltr'><strong>admonuit</strong></span> <span class='ocrx_word' id='word_1_317' title='bbox 1380 3794 1423 3854; x_wconf 95' lang='lat' dir='ltr'><strong>de</strong></span> <span class='ocrx_word' id='word_1_318' title='bbox 1445 3794 1481 3852; x_wconf 89' lang='lat' dir='ltr'><strong>C.</strong></span> <span class='ocrx_word' id='word_1_319' title='bbox 1505 3798 1534 3856; x_wconf 89' lang='grc'><strong>5.</strong></span> <span class='ocrx_word' id='word_1_320' title='bbox 1557 3792 1654 3888; x_wconf 87' lang='lat' dir='ltr'><strong>locus</strong></span> <span class='ocrx_word' id='word_1_321' title='bbox 1676 3813 1751 3857; x_wconf 87' lang='lat' dir='ltr'><strong>eam</strong></span> 
     </span>
     <span class='ocr_line' id='line_1_32' title="bbox 382 3899 1752 3982; baseline -0.001 -20"><span class='ocrx_word' id='word_1_322' title='bbox 382 3923 456 3964; x_wconf 87' lang='lat' dir='ltr'><strong>rem</strong></span> <span class='ocrx_word' id='word_1_323' title='bbox 477 3923 541 3965; x_wconf 87' lang='lat' dir='ltr'><strong>nos</strong></span> <span class='ocrx_word' id='word_1_324' title='bbox 559 3914 592 3968; x_wconf 82' lang='lat' dir='ltr'><strong>J.</strong></span> <span class='ocrx_word' id='word_1_325' title='bbox 616 3925 666 3982; x_wconf 90' lang='grc'><strong>79.</strong></span> <span class='ocrx_word' id='word_1_326' title='bbox 689 3924 743 3968; x_wconf 87' lang='lat' dir='ltr'><strong>res</strong></span> <span class='ocrx_word' id='word_1_327' title='bbox 765 3904 853 3966; x_wconf 88' lang='lat' dir='ltr'><strong>tanti</strong></span> <span class='ocrx_word' id='word_1_328' title='bbox 872 3901 941 3964; x_wconf 83' lang='lat' dir='ltr'><strong>viri</strong></span> <span class='ocrx_word' id='word_1_329' title='bbox 964 3920 1027 3963; x_wconf 90' lang='lat' dir='ltr'><strong>nos</strong></span> <span class='ocrx_word' id='word_1_330' title='bbox 1047 3902 1135 3962; x_wconf 91' lang='lat' dir='ltr'><strong>adm.</strong></span> <span class='ocrx_word' id='word_1_331' title='bbox 1155 3909 1188 3964; x_wconf 93' lang='grc'><strong>1.</strong></span> <span class='ocrx_word' id='word_1_332' title='bbox 1210 3902 1261 3978; x_wconf 92' lang='grc'><strong>95.</strong></span> <span class='ocrx_word' id='word_1_333' title='bbox 1283 3899 1482 3961; x_wconf 88' lang='lat' dir='ltr'><strong>admonitus</strong></span> <span class='ocrx_word' id='word_1_334' title='bbox 1502 3899 1545 3960; x_wconf 93' lang='lat' dir='ltr'><strong>ab</strong></span> <span class='ocrx_word' id='word_1_335' title='bbox 1567 3899 1646 3962; x_wconf 89' lang='lat' dir='ltr'><strong>aliis</strong></span> <span class='ocrx_word' id='word_1_336' title='bbox 1666 3899 1752 3961; x_wconf 91' lang='lat' dir='ltr'><strong>ami·</strong></span> 
     </span>
     <span class='ocr_line' id='line_1_33' title="bbox 374 3985 937 4069; baseline -0.002 -3"><span class='ocrx_word' id='word_1_337' title='bbox 374 4005 424 4066; x_wconf 84' lang='lat' dir='ltr'><strong>cis</strong></span> <span class='ocrx_word' id='word_1_338' title='bbox 443 4015 476 4069; x_wconf 86' lang='lat' dir='ltr'><strong>J.</strong></span> <span class='ocrx_word' id='word_1_339' title='bbox 502 4011 571 4065; x_wconf 83' lang='lat'><strong>103.</strong></span> <span class='ocrx_word' id='word_1_340' title='bbox 679 3985 692 4018; x_wconf 27' lang='grc' dir='ltr'><strong>Ἰ</strong></span> <span class='ocrx_word' id='word_1_341' title='bbox 934 4019 937 4024; x_wconf 87' lang='grc'><em>“</em></span> 
     </span>
    </p>

    <p class='ocr_par' dir='ltr' id='par_1_23' title="bbox 319 4097 1748 4190">
     <span class='ocr_line' id='line_1_34' title="bbox 319 4097 1748 4190; baseline -0.006 -12"><span class='ocrx_word' id='word_1_342' title='bbox 319 4105 563 4178; x_wconf 79' lang='lat' dir='ltr'><strong>&#39;Adnitimini</strong></span> <span class='ocrx_word' id='word_1_343' title='bbox 581 4097 716 4171; x_wconf 86' lang='lat' dir='ltr'><strong>mecum</strong></span> <span class='ocrx_word' id='word_1_344' title='bbox 733 4120 766 4174; x_wconf 84' lang='lat' dir='ltr'><strong>J.</strong></span> <span class='ocrx_word' id='word_1_345' title='bbox 781 4111 832 4173; x_wconf 87' lang='grc'><strong>85.</strong></span> <span class='ocrx_word' id='word_1_346' title='bbox 848 4110 909 4172; x_wconf 87' lang='lat' dir='ltr'><strong>fin.</strong></span> <span class='ocrx_word' id='word_1_347' title='bbox 931 4108 1110 4173; x_wconf 88' lang='lat' dir='ltr'><strong>adnitente</strong></span> <span class='ocrx_word' id='word_1_348' title='bbox 1131 4109 1249 4171; x_wconf 87' lang='lat' dir='ltr'><strong>Crasso</strong></span> <span class='ocrx_word' id='word_1_349' title='bbox 1264 4109 1364 4190; x_wconf 75' lang='lat' dir='ltr'><strong>G.19.</strong></span> <span class='ocrx_word' id='word_1_350' title='bbox 1386 4106 1499 4171; x_wconf 87' lang='lat' dir='ltr'><strong>acrius</strong></span> <span class='ocrx_word' id='word_1_351' title='bbox 1519 4106 1748 4170; x_wconf 90' lang='lat' dir='ltr'><strong>adnitendum</strong></span> 
     </span>
    </p>

    <p class='ocr_par' dir='ltr' id='par_1_24' title="bbox 326 4209 1081 4290">
     <span class='ocr_line' id='line_1_35' title="bbox 326 4209 1081 4290; baseline -0.005 -12"><span class='ocrx_word' id='word_1_352' title='bbox 326 4218 331 4225; x_wconf 83' lang='grc'><em>’</em></span> <span class='ocrx_word' id='word_1_353' title='bbox 376 4219 426 4278; x_wconf 89' lang='grc'><strong>85.</strong></span> <span class='ocrx_word' id='word_1_354' title='bbox 449 4215 527 4277; x_wconf 92' lang='lat' dir='ltr'><strong>init.</strong></span> <span class='ocrx_word' id='word_1_355' title='bbox 550 4209 684 4277; x_wconf 82' lang='lat' dir='ltr'><strong>sumr&#39;no</strong></span> <span class='ocrx_word' id='word_1_356' title='bbox 706 4215 820 4278; x_wconf 90' lang='lat' dir='ltr'><strong>studio</strong></span> <span class='ocrx_word' id='word_1_357' title='bbox 843 4214 955 4276; x_wconf 90' lang='lat' dir='ltr'><strong>adniti</strong></span> <span class='ocrx_word' id='word_1_358' title='bbox 975 4225 1007 4280; x_wconf 93' lang='grc'><strong>1.</strong></span> <span class='ocrx_word' id='word_1_359' title='bbox 1030 4218 1081 4290; x_wconf 75' lang='grc'><strong>58.</strong></span> 
     </span>
    </p>

    <p class='ocr_par' dir='ltr' id='par_1_25' title="bbox 335 4319 1654 4412">
     <span class='ocr_line' id='line_1_36' title="bbox 335 4319 1654 4412; baseline -0.005 -25"><span class='ocrx_word' id='word_1_360' title='bbox 335 4320 605 4388; x_wconf 83' lang='lat' dir='ltr'><strong>Adolescebant</strong></span> <span class='ocrx_word' id='word_1_361' title='bbox 625 4321 726 4400; x_wconf 86' lang='lat' dir='ltr'><strong>quasi</strong></span> <span class='ocrx_word' id='word_1_362' title='bbox 747 4321 884 4407; x_wconf 90' lang='lat' dir='ltr'><strong>glutino</strong></span> <span class='ocrx_word' id='word_1_363' title='bbox 906 4319 1000 4383; x_wconf 88' lang='lat' dir='ltr'><strong>coria</strong></span> <span class='ocrx_word' id='word_1_364' title='bbox 1021 4340 1139 4384; x_wconf 88' lang='lat' dir='ltr'><strong>recens</strong></span> <span class='ocrx_word' id='word_1_365' title='bbox 1162 4323 1314 4384; x_wconf 87' lang='lat' dir='ltr'><strong>detracta</strong></span> <span class='ocrx_word' id='word_1_366' title='bbox 1335 4330 1375 4386; x_wconf 84' lang='lat' dir='ltr'><strong>H.</strong></span> <span class='ocrx_word' id='word_1_367' title='bbox 1396 4322 1452 4386; x_wconf 90' lang='lat' dir='ltr'><strong>IV.</strong></span> <span class='ocrx_word' id='word_1_368' title='bbox 1476 4341 1525 4400; x_wconf 88' lang='grc'><strong>59.</strong></span> <span class='ocrx_word' id='word_1_369' title='bbox 1650 4403 1654 4412; x_wconf 28' lang='lat'><strong><em>¹</em></strong></span> 
     </span>
    </p>

    <p class='ocr_par' dir='ltr' id='par_1_26' title="bbox 278 4424 1749 4515">
     <span class='ocr_line' id='line_1_37' title="bbox 278 4424 1749 4515; baseline -0.005 -17"><span class='ocrx_word' id='word_1_370' title='bbox 278 4427 287 4436; x_wconf 69' lang='grc'><strong>“</strong></span> <span class='ocrx_word' id='word_1_371' title='bbox 334 4425 507 4498; x_wconf 80' lang='lat' dir='ltr'><strong>Adolevit</strong></span> <span class='ocrx_word' id='word_1_372' title='bbox 527 4427 722 4514; x_wconf 89' lang='lat' dir='ltr'><strong>respublica</strong></span> <span class='ocrx_word' id='word_1_373' title='bbox 743 4431 781 4492; x_wconf 86' lang='lat' dir='ltr'><strong>G.</strong></span> <span class='ocrx_word' id='word_1_374' title='bbox 804 4430 855 4493; x_wconf 89' lang='grc'><strong>55.</strong></span> <span class='ocrx_word' id='word_1_375' title='bbox 875 4428 1046 4515; x_wconf 80' lang='lat' dir='ltr'><strong>iugurtha</strong></span> <span class='ocrx_word' id='word_1_376' title='bbox 1065 4438 1098 4495; x_wconf 92' lang='grc'><strong>1.</strong></span> <span class='ocrx_word' id='word_1_377' title='bbox 1113 4429 1149 4489; x_wconf 87' lang='grc'><strong>,5.</strong></span> <span class='ocrx_word' id='word_1_378' title='bbox 1173 4428 1355 4493; x_wconf 86' lang='lat' dir='ltr'><strong>Persarum</strong></span> <span class='ocrx_word' id='word_1_379' title='bbox 1374 4445 1429 4494; x_wconf 87' lang='lat' dir='ltr'><strong>res</strong></span> <span class='ocrx_word' id='word_1_380' title='bbox 1446 4437 1478 4494; x_wconf 90' lang='grc'><strong>1.</strong></span> <span class='ocrx_word' id='word_1_381' title='bbox 1499 4428 1545 4492; x_wconf 90' lang='grc'><strong>58.</strong></span> <span class='ocrx_word' id='word_1_382' title='bbox 1568 4424 1749 4512; x_wconf 87' lang='lat' dir='ltr'><strong>ingenium</strong></span> 
     </span>
    </p>
   </div>
   <div class='ocr_carea' id='block_1_5' title="bbox 0 0 2120 5348">
    <p class='ocr_par' dir='ltr' id='par_1_27' title="bbox 0 0 2120 5348">
     <span class='ocr_line' id='line_1_38' title="bbox 0 0 2120 5348; baseline 0 2"><span class='ocrx_word' id='word_1_383' title='bbox 0 0 2120 5348; x_wconf 95' lang='lat' dir='ltr'><strong> </strong></span> 
     </span>
    </p>
   </div>
  </div>
 </body>
</html>
