4526 5326
580 409 654 488 sos

576 599 796 672 novissume,
817 615 1033 686 aegerrume,
1056 615 1266 675 acerrume,
1283 593 1556 676 occultissume,
1578 592 1705 679 passim
1721 591 1760 656 in
1777 595 1978 680 antiquissi-

577 709 642 770 mis
664 707 770 767 Codd.
793 700 970 768 Parisinis.
998 702 1070 762 Bas.
1097 708 1130 762 et
1151 693 1324 759 Vaticanis
1347 694 1584 777 inveniuntur,
1607 692 1656 760 ita
1684 707 1722 762 ut
1749 703 1788 764 in
1816 704 1977 767 omnibus

575 808 791 894 superlativis
816 806 983 868 Salustius
1011 805 1165 868 vocalem
1184 824 1210 864 u
1240 800 1420 872 retinuisse
1453 799 1620 867 videatur.
1655 804 1715 868 cfr.
1739 809 1899 873 Schneid.
1933 813 1977 874 de

576 916 682 980 Elem.
700 917 735 980 L.
755 915 792 973 L.
810 913 837 973 I.
852 932 886 993 p.
902 912 951 971 18.
972 911 1138 972 Praeterea
1156 911 1350 988 lacrumoe,
1370 905 1490 986 lubet,
1512 902 1650 986 lubido,
1666 931 1847 990 seorsum,
1869 922 1978 978 oestu-

577 1039 653 1100 mo,
682 1015 878 1097 existumo,
903 1015 1008 1077 Sulla
1029 1022 1091 1096 etc.
1121 1012 1247 1095 passim
1267 1013 1438 1097 leguntur.
1477 1012 1518 1074 In
1539 1011 1710 1097 ges-undio
1741 1027 1774 1080 et
1804 1029 1889 1102 part.
1918 1024 1976 1082 tut.

574 1139 661 1206 pass.
680 1123 740 1182 Ill.
762 1129 794 1183 et
818 1121 915 1184 lvtae.
935 1118 1031 1195 Conj.
1055 1116 1186 1198 ubique
1208 1137 1232 1179 u
1251 1135 1317 1201 pro
1334 1113 1351 1178 i
1368 1114 1550 1199 scriptum,
1573 1137 1686 1198 neque
1708 1124 1812 1185 modo
1820 1119 1977 1212 facian·

576 1228 679 1304 dum,
700 1220 939 1307 capiundum,
953 1218 1153 1304 potiundi,
1175 1216 1426 1304 ementiundo,
1446 1225 1507 1288 sed
1521 1220 1622 1286 etiam
1632 1224 1832 1311 perdunde',
1853 1249 1972 1316 agun-

576 1327 633 1414 dt',
660 1323 910 1413 opprimundi,
930 1317 1187 1414 reserandum,
1214 1327 1452 1410 sumundum,
1480 1327 1654 1412 dicundo,
1680 1334 1863 1416 gerundo,
1891 1329 1977 1395 mit.

576 1436 715 1512 tundo,
736 1428 900 1522 leganda}
921 1431 1038 1514 qualia
1060 1421 1169 1495 multa
1191 1433 1247 1494 vel
1266 1429 1457 1495 mediocres
1477 1433 1583 1495 Codd.
1606 1433 1831 1499 retinuerunt.
1850 1434 1977 1500 Itidem

576 1542 787 1606 adulescens
800 1545 994 1606 constanter
1010 1556 1074 1620 pro
1094 1535 1192 1600 adol.
1209 1545 1241 1598 et
1259 1535 1417 1620 epistula
1437 1536 1475 1599 in
1493 1539 1529 1600 V.
1548 1559 1577 1606 a.
1598 1558 1701 1617 quam
1719 1539 1918 1623 scripturam
1937 1545 1975 1606 V.

576 1645 627 1706 cl.
650 1645 800 1728 Angelus
821 1642 931 1721 Maius
950 1640 1054 1706 etiam
1077 1641 1116 1703 in
1140 1641 1302 1704 Cornelio
1320 1643 1490 1724 Frontone
1508 1642 1660 1704 restituit.
1682 1645 1838 1708 Ceterum
1861 1647 1888 1708 si
1906 1647 1978 1708 An-

577 1769 653 1816 ntao
675 1752 828 1812 Cornuto
851 1757 885 1812 et
908 1745 1008 1812 Velio
1033 1745 1117 1810 fides
1136 1747 1305 1828 habenda,
1324 1747 1432 1808 multa
1451 1765 1492 1808 ex
1508 1746 1563 1808 his
1576 1747 1727 1830 primum
1747 1751 1875 1812 Casare
1897 1770 1977 1812 aue·

576 1865 651 1920 tore
664 1854 845 1921 uiliorem
864 1873 988 1916 sonum
1006 1862 1224 1937 acceperunt,
1247 1852 1307 1915 cfr.
1328 1851 1476 1917 Cassiod.
1498 1851 1563 1913 col.
1581 1859 1675 1926 east.
1706 1854 1781 1918 Vel.
1807 1844 1863 1917 de'
1876 1855 1975 1918 Orth.

576 1961 642 2024 col.
662 1961 772 2032 aaron
799 1966 833 2022 et
851 1959 889 2022 in
914 1958 1056 2043 optimis
1081 1958 1152 2030 Cic,
1176 1959 1282 2025 Codd.
1302 1965 1491 2040 optumus,
1508 1977 1702 2021 maxumus
1725 1967 1786 2021 etc.
1805 1957 1876 2044 legi
1897 1959 1976 2022 satis

577 2073 716 2128 constat.
756 2066 883 2128 Contra
909 2085 931 2130 o
960 2085 1025 2148 pro
1049 2087 1075 2127 u
1102 2062 1260 2148 ponitur,
1296 2061 1359 2124 ubi
1388 2061 1508 2146 eadem
1536 2061 1649 2126 littera
1676 2063 1855 2146 praecedit,
1885 2067 1975 2140 volt,

576 2171 704 2252 uoltus,
725 2170 936 2254 vallarsius,
957 2165 1163 2258 divulgavit,
1177 2169 1330 2256 volgum,
1352 2169 1488 2244 ochus,
1509 2169 1697 2248 eademque
1713 2168 1828 2232 littera
1843 2167 1880 2229 in
1902 2187 1976 2232 om-

577 2273 681 2336 nibus
700 2272 822 2338 formis
845 2274 943 2340 verbi
964 2283 1100 2340 uertere
1118 2271 1262 2360 legitur,
1286 2267 1415 2356 vortit,
1439 2268 1641 2352 convomit,
1663 2292 1824 2345 eorsum,
1847 2273 1974 2337 aduor-

575 2397 672 2464 sum,
693 2387 941 2464 transuersus,
962 2377 1182 2456 vorticosus,
1203 2379 1263 2441 cir.
1274 2377 1441 2463 Quinctil.
1453 2379 1535 2440 Inst.
1546 2378 1646 2440 Rhet.
1663 2399 1689 2438 ι.
1704 2398 1735 2458 7.
1748 2381 1796 2440 25.
1818 2382 1878 2441 sed
1893 2398 1976 2440 num

577 2486 682 2551 etiam
698 2481 790 2550 vivos
800 2505 864 2570 pro
877 2469 973 2550 vivus
987 2494 1021 2550 et
1034 2486 1187 2572 idgenus
1197 2485 1277 2562 alia,
1288 2493 1324 2546 ut
1332 2502 1387 2568 ap.
1395 2482 1594 2546 Terentium
1603 2481 1664 2546 cir.
1673 2484 1761 2544 Don.
1774 2485 1817 2545 ad
1830 2484 1933 2545 Andr.
1946 2485 1974 2544 3.

577 2587 1975 2670 t.1.scribendasint,incertum.secordiaansocordianectiusscribaturdubinm3

577 2696 676 2775 illud,
691 2692 921 2776 aliquoticsin
930 2695 1003 2756 Vat.
1012 2691 1045 2754 b.
1059 2692 1233 2773 scriptum,
1243 2693 1463 2777 etymologia
1471 2693 1569 2776 ratio,
1579 2695 1645 2758 hoc
1653 2695 1860 2776 optimorum
1869 2695 1975 2756 Codd.

575 2800 759 2864 auctoritas
769 2795 1109 2872 commendat3etiam
1112 2791 1299 2880 jocundus
1307 2794 1441 2880 rectius,
1450 2805 1591 2881 propter
1599 2779 1975 2859 vocaliumie'tusimi-

576 2905 773 2968 titudinem.
791 2894 1011 2984 percontari
1030 2919 1169 2980 quoque
1186 2899 1310 2962 melius
1323 2901 1430 2966 scribi
1448 2902 1583 2966 videtur
1607 2919 1708 2983 quam
1721 2896 1972 2984 percunctari.

577 3012 743 3072 Praeterea
761 3025 870 3084 quom
888 3023 960 3065 uno
978 3004 1055 3068 loco
1072 3005 1110 3067 in
1124 3008 1199 3069 Van
1222 3025 1322 3090 apro
1339 3027 1462 3088 qnum3
1485 3007 1572 3074 Hist.
1593 3007 1635 3069 fr.
1652 3009 1688 3074 L.
1706 3009 1732 3068 1.
1756 3008 1801 3069 15.
1815 3005 1873 3068 Or.
1893 3009 1975 3091 Lep.

578 3127 682 3192 quam
693 3107 893 3190 scripturam
909 3109 1220 3192 praestantissimam
1239 3110 1371 3192 ubique
1387 3112 1644 3196 exprimendam
1664 3123 1835 3197 putarem,
1853 3111 1919 3174 nisi
1937 3113 1974 3175 in
2079 3127 2084 3136 ’

578 3211 807 3276 vetustissimo
818 3213 974 3278 Parisino
991 3234 1072 3278 cum
1092 3225 1248 3278 constans
1261 3226 1346 3280 esset
1358 3215 1480 3298 lectio,
1495 3218 1567 3281 sive
1578 3217 1794 3301 praepositio,
1810 3219 1882 3283 siva
1896 3239 1976 3282 con·

572 3318 708 3399 junctio
722 3328 781 3383 est.
798 3321 836 3386 E
844 3316 935 3403 proi
945 3328 994 3382 est
1004 3319 1041 3382 in
1051 3319 1211 3402 pluribus
1224 3321 1424 3405 compositis
1434 3322 1531 3384 verbi
1546 3324 1676 3408 legere:
1686 3325 1853 3410 neglego,
1869 3327 1976 3387 intel·

578 3429 680 3515 lego,
698 3423 926 3516 neglegentia
935 3435 996 3493 elo.
1011 3446 1087 3507 quae
1096 3426 1236 3509 quidem
1247 3428 1285 3490 in
1295 3427 1491 3490 universum
1506 3427 1602 3490 verbi
1614 3425 1780 3509 simplicis
1789 3409 1975 3504 dictata

519 3597 524 3606 ,
576 3532 854 3615 sequividentur.
875 3535 960 3597 Nam
969 3531 1071 3597 lectio
1084 3535 1155 3596 Bas.
1167 3527 1453 3621 1.aeglegissetl.
1465 3547 1512 3605 to.
1522 3532 1656 3595 duobus
1669 3531 1833 3597 Parisinis
1842 3545 1874 3598 et
1884 3537 1972 3597 Med.

579 3659 607 3701 ι.
618 3638 839 3702 confirmatur
852 3648 884 3704 et
897 3641 970 3706 Vat.
983 3657 1013 3700 a.
1033 3635 1485 3727 intellegerinthabetHist.
1498 3636 1538 3699 lr.
1553 3640 1577 3698 Ι.
1592 3638 1652 3706 Or.
1665 3640 1746 3721 Lep.
1767 3638 1843 3702 Alia
1859 3641 1903 3703 de
1915 3657 1974 3724 γο-

577 3743 710 3807 salibus
735 3745 817 3810 vide
841 3743 949 3826 inira,
973 3743 1036 3808 ubi
1056 3746 1101 3806 de
1121 3740 1354 3808 declinatione
1373 3741 1405 3808 et
1425 3743 1664 3828 conjugatione
1687 3755 1817 3830 agetur.
1847 3747 1975 3808 Conso·

578 3855 698 3908 nantes
718 3851 812 3927 quod
835 3849 973 3933 attinet,
1000 3847 1167 3912 Salustius
1186 3849 1363 3931 antiquam
1384 3847 1557 3911 scribendi
1583 3870 1738 3914 normam
1762 3851 1799 3914 in
1816 3871 1857 3916 eo
1879 3869 1975 3913 secu·

579 3955 633 4008 tus
660 3958 722 4030 est,
754 3955 848 4030 quod
879 3953 917 4013 in
941 3954 1100 4036 pluribus
1125 3953 1303 4020 vocahffis
1332 3953 1552 4018 semivocales
1585 3976 1655 4021 non
1681 3956 1877 4042 geminavit.
1924 3960 1974 4017 Ita

579 4071 703 4134 eausa,
718 4057 848 4135 paulo,
871 4054 986 4141 belua,
1003 4055 1096 4136 mlle,
1111 4063 1306 4142 paululum
1317 4059 1448 4142 ubique
1459 4061 1699 4136 scribendums
1715 4072 1831 4126 contra
1847 4077 1975 4140 reppu—

577 4149 644 4239 tlt,
664 4154 841 4243 repperit,
861 4160 1026 4247 rettulit,
1050 4173 1246 4246 quattuor,
1271 4163 1399 4230 littera
1426 4164 1466 4229 in
1491 4164 1632 4250 optimis
1656 4167 1760 4232 Codd.
1784 4173 1840 4226 ast.
1861 4163 1974 4225 Etiam

576 4270 803 4344 oportunus,
826 4269 1020 4350 opulentus
1043 4270 1229 4353 sepissime
1253 4291 1424 4358 expressa,
1446 4291 1523 4355 qua
1552 4291 1628 4336 cum
1644 4267 1746 4336 etiam
1775 4271 1866 4352 apud
1887 4269 1974 4332 ulios

1358 4435 1369 4467 N
