4230 5348
1653 441 1724 514 125

319 636 397 680 rum
415 615 643 720 diuturnitate
663 611 823 702 fatigata,
844 617 970 681 attrita.
997 620 1136 704 proprie
1158 624 1250 689 enim
1274 624 1351 688 loca
1369 625 1542 694 salebrosa
1570 634 1604 694 et
1628 651 1724 700 mare

318 721 491 785 tumidum
510 722 582 787 sive
601 721 765 808 procellis
782 721 949 806 agitatum
968 747 1136 809 asperum
1160 729 1287 792 dicitur
1310 730 1369 792 cfr.
1392 732 1487 817 Virg.
1506 740 1589 798 Aen.
1609 738 1639 800 6.
1653 739 1724 801 351.

318 829 348 890 8.
361 846 439 906 119;
451 827 524 892 Liv.
538 832 588 908 37.
600 831 648 891 16.
659 830 708 891 88.
721 848 769 909 17·
780 829 846 891 Sed
860 850 938 893 cum
952 831 1055 908 bellis
1064 853 1136 896 non
1144 834 1254 896 solum
1269 853 1381 898 mores
1392 836 1573 902 hominum
1588 858 1726 926 exaspe-

316 940 446 1016 rentur,
468 933 527 997 csr.
542 932 615 996 Liv.
634 934 658 996 1.
677 934 701 997 l.
717 942 751 999 et
766 951 817 1011 42.
837 939 891 998 16:
913 939 972 1000 sed
991 938 1145 1020 ipsorum
1158 940 1262 1004 etiarn
1278 940 1434 1004 locorum
1453 940 1557 1005 facies
1573 952 1728 1008 mutetur

318 1049 353 1104 et
371 1038 525 1122 asperior
543 1037 617 1121 fiat,
638 1045 671 1103 et
691 1038 766 1126 ipsa
791 1039 885 1103 bella
911 1061 1031 1124 aspera
1059 1044 1218 1108 dicantur
1244 1045 1304 1108 cfr.
1323 1047 1343 1107 J
1348 1067 1401 1132 ug.
1425 1048 1475 1134 48.
1505 1055 1603 1114 terrae
1636 1068 1726 1131 quo·

317 1165 385 1226 que
413 1144 508 1208 bello
535 1152 663 1208 vexatae
689 1146 779 1226 bene
805 1164 930 1229 asperae
959 1148 1131 1212 dicuntur.
1165 1153 1332 1215 Ceterum
1359 1154 1401 1216 de
1430 1151 1570 1216 dicendi
1589 1173 1724 1239 genere,

316 1269 385 1331 quo
411 1267 492 1312 usus
519 1258 569 1315 est
598 1252 706 1314 Cotta.
727 1249 787 1313 cfr.
801 1242 882 1315 'Cic
918 1255 1009 1317 Brut.
1035 1275 1062 1315 c.
1095 1257 1151 1319 55:
1180 1276 1250 1338 quo
1274 1278 1315 1320 ex
1342 1258 1420 1320 loco
1449 1257 1642 1344 intelliges,
1667 1259 1724 1323 vel

314 1356 403 1417 bauo
421 1354 615 1419 orationem
633 1357 678 1418 ad
694 1355 767 1434 ejus
796 1355 975 1443 ingenium
999 1360 1260 1444 exprimendum
1283 1381 1415 1426 summa
1440 1383 1518 1425 cum
1547 1372 1620 1428 arte
1652 1380 1725 1428 esse

316 1460 550 1543 compositam.
889 1537 892 1544 Ι

392 1597 409 1610 -
425 1567 472 1626 18.
485 1599 502 1614 ·
523 1561 699 1630 Germani
715 1563 892 1634 intectum
904 1564 1275 1663 rhenonibuscorpns
1292 1578 1430 1659 tegunt.
1448 1579 1510 1634 etc.
1530 1571 1725 1645 ..rhenones

313 1675 392 1730 sunt
407 1670 584 1733 velamina
601 1675 839 1758 humerorum,
860 1677 894 1739 et
913 1673 1062 1758 pectoris
1078 1695 1186 1758 usque
1206 1678 1251 1738 ad
1272 1675 1479 1738 umbilicum
1494 1682 1597 1757 atque
1613 1674 1725 1736 intor-

312 1771 357 1834 tis
379 1772 474 1836 rillis
506 1778 593 1838 adeo
627 1775 785 1862 hispida,
823 1788 861 1843 ut
893 1780 1219 1865 imbresvrespuaut.
1248 1783 1321 1845 haec
1352 1781 1433 1846 Isid.
1462 1778 1522 1842 cfr.
1553 1781 1648 1845 Voss.
1679 1779 1725 1839 ad

312 1877 392 1940 Gaes.
416 1880 450 1939 B.
472 1879 562 1942 Gall.
579 1883 612 1943 6:
629 1903 683 1957 ²¹3
705 1883 833 1946 Duker.
854 1885 898 1945 ad
919 1885 1010 1946 Flor.
1030 1905 1056 1944 1.
1079 1891 1126 1963 1'7.
1145 1893 1197 1959 4.»
1228 1887 1263 1945 C.
1286 1887 1375 1946 adde
1398 1883 1506 1945 Tacit.
1536 1884 1650 1946 Germ.
1675 1903 1724 1965 17.

213 1967 224 1988 ⁸
311 1990 346 2043 et
364 1980 513 2066 interpp.
535 1987 579 2046 ad
603 1987 638 2048 11.
661 1987 686 2048 l.
707 1987 810 2052 etiam
832 1990 941 2051 Varro
965 1986 1068 2064 hujus
1090 1985 1280 2071 tegumenti
1298 1987 1510 2048 mentionem
1531 1985 1612 2046 facit
1628 1989 1666 2046 L.
1684 1989 1722 2048 L.

311 2101 341 2158 4.
355 2085 404 2146 35.
428 2083 487 2148 cir.
509 2086 612 2148 etiam
628 2088 720 2152 infra
743 2090 785 2154 fr.
802 2091 870 2152 ino.
886 2094 953 2170 187.
972 2092 1039 2151 Sed
1049 2091 1139 2162 mihi
1152 2091 1231 2150 vitii
1242 2087 1378 2166 aliquid
1389 2091 1424 2148 b.
1437 2093 1474 2147 in
1492 2087 1571 2147 loco
1586 2090 1724 2150 subesse

309 2186 465 2266 videtur3
486 2192 581 2270 quod
610 2209 684 2252 non
704 2210 745 2254 eo
771 2192 923 2273 tollitur,
945 2193 1038 2272 quod
1069 2187 1200 2252 intecti
1221 2189 1413 2266 conjectum
1442 2199 1509 2269 cst,
1537 2191 1597 2274 scd
1628 2191 1722 2253 haud

312 2291 421 2354 dubie
439 2292 528 2355 alius
544 2293 741 2356 vestimenti
765 2314 894 2356 nomen
911 2293 1144 2371 adjiciendum
1163 2301 1221 2380 est.
1242 2313 1322 2354 nam
1343 2293 1495 2371 ejusdem
1508 2293 1603 2355 vocis
1624 2314 1722 2376 repe-

310 2395 391 2458 titio
421 2395 513 2458 nihil
543 2391 745 2460 offensionis
772 2399 900 2459 habere
933 2399 1022 2471 mihi
1046 2398 1193 2461 ridetur.
1227 2399 1484 2480 caeterumque
1510 2398 1549 2463 in
1566 2398 1645 2460 loeo
1663 2401 1721 2460 Sa-

308 2498 431 2570 lustius
459 2503 502 2564 de
525 2502 776 2564 Germanorum
804 2501 962 2564 moribus
989 2491 1200 2584 exposuerit,
1237 2521 1308 2563 non
1337 2500 1439 2567 facile
1464 2502 1602 2582 dixeris,
1636 2507 1722 2568 Cum

308 2606 411 2668 multi
433 2606 597 2669 Germani
619 2605 656 2668 in
680 2605 893 2672 Mithridatis
912 2607 1072 2680 ¹exercitu
1097 2607 1270 2689 stipendia
1296 2605 1465 2683 facerent,
1495 2607 1554 2670 etr.
1574 2610 1722 2691 Appian.

308 2708 409 2773 deb.
433 2711 534 2774 Mith.
562 2731 589 2772 1.
612 2710 761 2794 71‘.(ubi
791 2712 956 2794 expressis
977 2711 1092 2775 verbis
1115 2709 1270 2773 Bastarni
1295 2711 1633 2793 commemorantur.)
1665 2713 1723 2775 rel

308 2833 350 2878 eo
371 2814 450 2878 loco
474 2817 547 2878 haec
567 2816 830 2882 commemorari
853 2825 1031 2900 poterant,
1063 2815 1119 2879 vel
1142 2815 1181 2877 in
1201 2815 1304 2877 Ponti
1325 2814 1452 2876 Euxini
1474 2814 1543 2875 situ
1568 2824 1601 2877 et
1622 2835 1722 2880 aeco-

307 2919 420 2982 larum
445 2919 600 2982 moribus
630 2921 878 2986 illustrandis·
893 2923 1036 2984 Debros.
1063 2922 1153 2982 hanc
1182 2919 1450 3003 descriptionem
1479 2921 1523 2981 ad
1558 2919 1721 2994 Curionis

309 3025 544 3108 expeditiones
559 3004 702 3086 ueru'cas
723 3025 896 3106 pertinere
905 3025 1048 3102 judicat.
1071 3024 1467 3088 cfr.uist.n.n.1.11.
1488 3046 1523 3107 p.
1542 3026 1610 3100 640.
1625 3025 1720 3102 taem
1777 3071 1778 3078 a

307 3127 381 3192 boc¹
395 3128 626 3211 fragmentum
647 3127 696 3189 ita
710 3110 884 3209 explicuit.
903 3131 987 3200 ..Les
1005 3166 1047 3178 -
1067 3130 1227 3191 habitans
1242 3138 1373 3191 -sont
1396 3149 1542 3211 presque
1559 3134 1664 3214 nuds,
1686 3141 1721 3197 et

308 3252 353 3295 ne
373 3232 467 3304 font,
497 3250 630 3293 comme
653 3231 704 3292 les
725 3229 921 3311 Germains,
940 3248 1008 3309 que
1027 3229 1132 3305 jetter
1160 3252 1250 3314 pour
1281 3229 1357 3295 tout
1387 3234 1635 3317 habillement,
1658 3257 1719 3300 sur

307 3339 400 3401 leurs
421 3355 536 3419 corps,
554 3354 624 3397 une
644 3327 760 3419 espece
781 3337 824 3397 de
844 3333 986 3417 petisse,
1007 3332 1108 3420 qu’ils
1126 3338 1278 3418 apellent
1303 3339 1470 3402 thenon.»
1490 3359 1588 3419 -19‘.-
1616 3342 1720 3405 Unde

303 3462 399 3525 pons
415 3439 453 3505 in
477 3436 646 3529 oppidum
666 3433 857 3522 pertinens
876 3434 1094 3522 explicatur.
1125 3437 1222 3514 «Hoc
1248 3442 1421 3524 pertinere
1440 3444 1599 3504 ‘arbitror
1626 3441 1720 3526 frag-

308 3549 530 3610 mentumad
549 3547 685 3616 Festum
705 3547 748 3608 de
765 3554 872 3628 ponte
892 3543 1040 3606 sublicio
1059 3542 1122 3606 lib.
1143 3545 1199 3611 IV.
1217 3545 1319 3608 hist»
1345 3549 1411 3610 Sed
1428 3547 1479 3609 ita
1499 3547 1594 3608 haud
1609 3543 1719 3609 'facile

309 3652 470 3735 explices,
491 3651 576 3734 quid
597 3651 641 3713 sit
663 3657 813 3732 pontem
838 3649 1031 3732 explicare.
1060 3650 1163 3733 Quod
1184 3651 1278 3713 euim
1303 3649 1449 3713 aedificia
1473 3650 1638 3732 explicari
1661 3650 1718 3712 di-

309 3765 442 3819 cuntur.
473 3756 827 3830 efr.Cic.adAtt.4.
851 3758 898 3815 16.
936 3757 1003 3816 hoc
1028 3755 1144 3816 minus
1177 3755 1215 3818 in
1247 3762 1389 3839 pontem
1422 3756 1576 3836 quadrat.
1602 3757 1717 3839 Quare

307 3863 381 3925 haec
393 3863 496 3924 verba
510 3861 626 3944 potius
643 3863 686 3923 ad
701 3860 788 3923 belli
803 3859 998 3922 machinam
1016 3879 1036 3921 a
1050 3860 1251 3924 Mithridate
1269 3863 1313 3922 ad
1332 3859 1491 3944 Cyzicum
1513 3878 1717 3945 oppugnan-

308 3969 391 4034 du'm
416 3973 615 4031 exstructam
639 3959 790 4050 spectare
814 3963 1005 4049 putaverim
1025 3957 1063 4052 ἐξ
1082 3952 1116 4035 οὗ
1136 3951 1294 4060 γέφυρα,
1316 3945 1413 4036 imre
1441 3949 1716 4060 προσ-’πελάσωσιν

307 4070 341 4153 ἐς
358 4061 395 4144 'td
414 4069 538 4162 τεῖχον,
567 4059 636 4143 iai
652 4069 806 4170 μηχανῆς
833 4055 998 4158 {bildw-
1029 4085 1089 4149 cfr.
1113 4085 1258 4170 Appiau.
1278 4089 1320 4150 de
1346 4088 1380 4148 b.
1405 4085 1606 4190 Mithpoyb:
1634 4085 1717 4150 facit

231 4277 241 4288 ,
309 4195 442 4258 meeum
454 4197 558 4259 Debr.
578 4214 648 4257 uno
668 4181 763 4277 loco',
784 4195 844 4256 sed
862 4193 969 4255 altero
985 4201 1126 4276 pontem
1141 4192 1316 4277 intelligit,
1337 4192 1398 4272 qui
1415 4191 1574 4274 Cyzicum
1584 4194 1713 4265 urbem

311 4319 388 4361 cum
423 4301 616 4366 continenti
642 4300 835 4385 conjungat.
869 4299 935 4362 Sed
960 4280 1143 4381 explicare
1161 4297 1302 4364 nonnisi
1328 4299 1370 4359 de
1402 4297 1562 4359 machina
1588 4295 1715 4384 bellica

1388 4407 1413 4455 s
