4282 5390
411 451 460 546 54

408 647 545 726 rictum
564 641 732 708 Romanis
759 639 916 704 traderet.
945 636 1037 712 Plut.
1054 601 1112 708 v..
1136 642 1219 705 Luc.⁴
1245 660 1274 704 c.
1302 655 1353 704 ao.
1374 657 1423 704 ar.
1450 647 1499 706 ai.
1528 627 1832 721 24.initio.·1ivt·

406 751 496 836 Epit'.
514 751 662 816 XCVIII.
675 747 709 828 θ)
774 754 780 763 “
1798 807 1803 822 ,

466 856 598 924 Eodem
611 873 702 916 anno
715 853 754 913 L.
765 848 925 912 Metellus
933 857 1061 934 praetor
1075 850 1114 914 in
1123 848 1243 914 Sicilia
1257 853 1415 916 adversus
1427 850 1556 934 piratas
1569 869 1732 937 prospere
1746 870 1819 916 rem

407 961 520 1050 gessit.
546 959 619 1021 Liv.
641 955 730 1040 Epit.
749 955 894 1022 XCVIII.
920 959 1049 1037 quade
1071 976 1109 1022 re
1137 956 1186 1020 ita
1208 956 1350 1020 Orosius
1365 960 1423 1024 VI.
1444 962 1483 1021 3:
1512 957 1674 1021 Metellus
1693 955 1820 1026 Sieiliae

307 1147 312 1155 .
405 1073 549 1152 praetor,
570 1081 650 1124 cum
666 1060 854 1124 foedissima
873 1060 938 1123 illa
952 1065 987 1130 C.
1004 1062 1122 1130 Verris
1141 1071 1287 1147 praetura
1304 1063 1460 1128 Siciliam
1481 1063 1655 1126 adflictam
1670 1062 1821 1130 invenis-

337 1169 340 1176 ’
406 1178 473 1253 set,
495 1167 643 1231 maxime
661 1165 883 1252 Pyrganione
902 1168 1114 1252 archipirata
1136 1169 1279 1233 nefariis
1299 1169 1425 1254 praedis
1446 1177 1480 1236 et
1503 1169 1653 1234 caedihus
1676 1169 1821 1260 dilacer-

406 1285 500 1359 ante,
521 1297 584 1356 qur
571 1273 703 1358 pulsa
723 1274 828 1338 classe
853 1277 1010 1338 Romana
1036 1258 1288 1360 Syracusanum
1307 1285 1448 1361 portum
1477 1275 1691 1361 obtinuerat,
1716 1293 1822 1357 quem

406 1403 487 1446 mor
506 1380 621 1470 navali
642 1380 879 1462 terrestrique
888 1381 1013 1466 proelio
1036 1383 1306 1500 comminutum,
1325 1383 1446 1448 Sicilia
1459 1384 1624 1448 decedere
1641 1379 1818 1466 compulit

408 1485 468 1551 clr.
490 1465 558 1554 Cic.
575 1485 679 1550 Actu
668 1508 707 1550 ιιι
727 1489 825 1555 Verr
847 1488 873 1548 I.
891 1507 922 1567 9.

410 1692 573 1812 Annio
593 1728 636 1808 u.
654 1730 692 1806 o.
707 1730 1159 1809 noLXXXVconsazes
1176 1733 1221 1836 ρ.
1236 1724 1455 1810 hortensius
1470 1731 1510 1808 r.
1525 1733 1568 1808 F.
1586 1730 1630 1834 Q.
1649 1701 1832 1810 Occasu,
1882 1693 1886 1696 ,

934 1858 1108 1934 Metellus
1126 1859 1297 1934 Creticus.
1381 1940 1383 1944 ¹

492 2027 682 2121 sortitione
706 2057 967 2142 provinciarum
989 2059 1079 2124 facta
1100 2061 1289 2127 Hortensio
1311 2065 1413 2125 Creta
1442 2067 1476 2125 et
1491 2059 1626 2124 bellum
1642 2076 1720 2120 eum
1744 2059 1825 2122 Cre·
1879 2061 1882 2066 '

366 2158 370 2164 ’
412 2162 567 2226 tensibus
587 2165 778 2246 gerendum
789 2165 981 2248 obtigerat;
1000 2167 1064 2248 qui
1083 2169 1224 2232 urbanae
1235 2169 1315 2234 vitre
1336 2175 1369 2233 et
1385 2167 1482 2249 foro,
1499 2165 1540 2226 in
1559 2184 1630 2246 quo
1649 2163 1827 2247 regnabat,

495 2497 535 2581 θ)
553 2481 644 2562 Cum
661 2509 774 2570 neque
792 2488 990 2570 Appianas,
1017 2503 1130 2566 noque
1149 2485 1353 2547 Plutarchus
1376 2485 1513 2572 singula
1533 2494 1728 2574 temporum
1750 2515 1830 2561 mo.

413 2590 531 2668 menta
553 2596 635 2659 satis
654 2600 812 2656 accurate
836 2591 1068 2676 distinguant,
1088 2593 1184 2652 haud
1205 2590 1306 2654 facile
1327 2600 1377 2656 est
1398 2596 1441 2654 ad
1462 2596 1844 2684 decernendumque

412 2693 506 2767 anno
528 2719 744 2786 unaqueque
765 2717 820 2761 res
837 2705 931 2782 gesta
950 2696 1005 2760 sit.
1036 2697 1176 2760 Accedit
1195 2697 1304 2780 ipsius
1321 2697 1374 2762 rei
1402 2697 1600 2788 difficultas,
1622 2707 1717 2786 quod
1744 2707 1829 2770 Plu·

414 2799 535 2871 tarcho
557 2812 641 2869 teste
659 2807 732 2868 non
758 2804 872 2866 solum
893 2803 932 2866 in
957 2801 1140 2866 obsidione
1158 2803 1278 2887 Cyzici
1307 2813 1340 2870 et
1361 2805 1471 2869 Amisi
1499 2807 1629 2872 milites
1652 2811 1688 2874 in
1709 2811 1828 2878 castris
1853 2845 1859 2858 ·

356 2922 357 2925 ’
413 2913 657 2996 hibernarent,
678 2913 738 2976 scd
760 2909 863 2973 etiam
881 2908 1019 2990 reliquo
1040 2917 1391 2994 temporenunquam
1408 2912 1631 2976 hibernatum
1654 2914 1693 2976 in
1717 2917 1835 2990 socias

413 3020 516 3083 urbes
534 3015 681 3100 profecti
699 3023 800 3092 suut,¹
819 3013 868 3076 ita
884 3023 923 3076 ut
941 3015 1075 3079 bellum
1093 3017 1165 3080 fere
1186 3007 1260 3079 sine
1279 3017 1353 3080 ulla
1366 3018 1623 3083 intermissione
1640 3029 1826 3106 gereretur.

371 3111 373 3117 ¹
415 3123 477 3187 cfr.
502 3121 593 3185 Plut.
612 3123 692 3184 Luc.
713 3125 763 3188 33.
791 3119 858 3183 Hic
886 3117 977 3184 unus
998 3141 1108 3186 annus
1128 3123 1263 3209 magnis
1293 3125 1573 3208 expeditIonibus
1597 3145 1723 3189 vacuus
1740 3123 1824 3208 fuit,

339 3253 341 3256 ·
416 3227 501 3310 quia
522 3228 687 3294 Lucullus
706 3233 796 3292 recte
811 3224 1008 3305 judicabat,
1030 3235 1135 3290 terras
1154 3247 1272 3291 recens
1295 3211 1414 3312 captas·
1429 3229 1530 3293 antea
1547 3251 1619 3294 esse
1639 3235 1826 3316 pacandas,

414 3339 600 3414 antequam
613 3335 659 3396 ad
678 3354 808 3399 novum
819 3334 954 3418 bellum
966 3331 1249 3418 proficisceretur.
1270 3338 1390 3416 Neque
1409 3343 1473 3419 est,
1494 3341 1590 3416 quod
1608 3338 1824 3422 dubitemus,

390 3458 395 3486 ι
415 3435 455 3500 iu
471 3439 539 3503 aere
556 3439 672 3504 alieno
686 3448 789 3505 tantae
806 3439 992 3525 provinciae
1012 3441 1177 3524 levando,
1199 3448 1251 3503 tot
1274 3441 1446 3520 tantisque
1467 3442 1616 3522 negotiis
1631 3441 1736 3506 fuisse
1757 3442 1826 3506 dis·

418 3549 569 3627 tentum,
591 3551 630 3606 ut
641 3553 794 3610 aestatem
817 3544 913 3609 hac
902 3566 940 3607 rn
963 3565 1001 3609 re
1018 3547 1216 3631 peragenda
1237 3543 1471 3607 consumserit.
1494 3541 1552 3604 cfr.
1568 3542 1659 3604 Plut.
1678 3545 1760 3606 Luc.
1777 3565 1825 3608 ιο.

415 3640 619 3738 Λουκιυλλος
637 3643 745 3728 δέτ’
690 3683 847 3766 sparserat
865 3686 948 3754 προς
965 3645 1168 3759 rcirirhm'oa
1185 3641 1310 3738 rra'httt
1327 3683 1391 3731 των
1410 3653 1599 3753 πολίμῡκων
1621 3681 1635 3726 2
1639 3680 1724 3750 θγων
1744 3682 1826 3748 526⁰·
1934 3661 1939 3672 ’

415 3761 617 3866 hdffouoc’
593 3803 694 3848 aaron
721 3803 753 3850 κ.
773 3803 802 3850 τ.
822 3790 876 3850 λ
885 3786 1046 3849 Ceterum
1067 3781 1261 3868 Sigonius
1250 3801 1290 3844 an
1315 3801 1356 3846 eo
1380 3781 1532 3857 fallitur,
1558 3785 1653 3864 quod
1674 3785 1742 3886 hoc
1767 3789 1826 3851 de·

418 3909 511 3952 mum
525 3910 617 3952 anno
636 3890 748 3972 regias
769 3893 872 3954 urbes
888 3889 1089 3966 Amastrim,
1109 3888 1313 3953 Heracleam
1335 3895 1369 3952 et
1383 3888 1539 3952 Amisum
1563 3898 1676 3974 captas
1698 3860 1931 3962 statuit..

396 3998 496 4056 1Νοιι
521 3996 634 4056 solum
659 3995 755 4058 enim
780 3995 983 4057 Plutarchus
1012 3995 1166 4078 Sinopen
1189 3999 1298 4060 multo
1327 3992 1435 4057 serius
1463 4003 1597 4077 captam
1625 4017 1696 4061 esse
1721 3996 1826 4062 tradit

420 4118 448 4161 c.
465 4098 515 4163 23.
536 4099 597 4159 sed
621 4097 797 4186 Appianus
824 4099 945 4177 etiam,
975 4098 1131 4180 quamvis
1149 4098 1235 4163 alias
1256 4119 1381 4184 parum
1399 4098 1602 4184 diligentem
1625 4102 1826 4186 scriptorem
1903 4157 1905 4164 ,

418 4222 455 4266 se
479 4201 646 4286 praebeat,
678 4202 748 4268 alio
770 4196 924 4291 tempore
949 4204 1116 4287 reliquas,
1150 4204 1222 4271 alio
1241 4205 1397 4291 Sinopen
1429 4215 1607 4292 occupatas
1635 4227 1715 4274 esse·
1735 4207 1825 4272 bene

410 4307 670 4376 animadvertit.

708 4456 716 4502 t
