4334 5354
370 659 631 731 vehementiore
651 663 762 726 animi
779 664 911 746 impetu
933 663 1098 728 commoti
1124 670 1285 749 utuntur,
1307 666 1363 729 vel
1382 665 1445 748 qui
1471 667 1662 732 accuratius
1677 670 1777 752 loqui

126 740 128 802 l
162 853 168 860 .
288 854 291 859 f
369 776 519 834 student.
547 772 647 832 Pron.
668 769 750 850 ille,
780 773 873 850 quod
902 778 936 833 ct
969 769 1082 853 ipsum
1102 773 1195 853 apud
1217 771 1404 834 Salustium
1425 766 1777 860 est-usitatissimum,

274 875 278 882 '
366 895 522 959 persona
546 875 601 937 vel
620 874 670 936 rei
694 874 872 938 notionem
903 897 980 938 cum
1002 876 1038 938 vi
1061 879 1209 957 quadam
1231 885 1386 961 revocat,
1409 881 1560 941 sednon
1580 880 1712 961 ubique
1733 885 1778 944 ad

368 979 524 1042 omnium
536 978 782 1042 conscientiam
802 979 959 1044 refertur.
980 981 1041 1043 cfr.
1060 993 1092 1047 J.
1110 985 1154 1044 51.
1172 1002 1282 1063 neque
1298 976 1372 1044 illis
1389 992 1498 1044 castna
1515 1005 1638 1048 esse-
1649 986 1777 1051 debere

367 1085 424 1148 illi
436 1089 485 1161 64.
498 1121 541 1136 -
554 1086 649 1165 quod
659 1080 765 1147 illi-
774 1088 821 1149 65.
837 1082 940 1148 illum
952 1087 1079 1172 regeln.
1088 1096 1150 1149 etc.
1162 1089 1197 1149 C.
1207 1091 1245 1149 26
1270 1087 1415 1150 insidias
1424 1092 1593 1170 parabant
1606 1091 1777 1156 Ciceroni.

365 1196 484 1273 Neque
494 1185 554 1252 illi
560 1189 583 1253 i.
597 1210 626 1253 2.
636 1189 768 1272 (qualis
780 1191 835 1253 vir
849 1183 936 1275 crat)
953 1202 1067 1255 tamen
1084 1192 1146 1273 252.
1170 1196 1219 1255 52.
1238 1191 1343 1256 illum
1355 1229 1396 1244 --
1411 1195 1497 1257 illos
1508 1196 1702 1260 dubitando
1724 1205 1775 1272 45.

365 1293 567 1376 2255115596.
586 1298 635 1358 Ex
645 1292 719 1358 illis
735 1299 780 1358 16.
796 1297 901 1360 etiam
915 1296 983 1380 ipsi
993 1297 1147 1375 subjecto
1158 1299 1385 1382 praeponitur.
1398 1303 1449 1377 45.
1463 1297 1532 1364 Illi
1543 1301 1775 1365 hominesmi-

365 1402 506 1482 litares3
528 1401 593 1464 ita:
616 1398 679 1466 illc
694 1402 783 1464 alter
796 1414 828 1468 3.
845 1406 891 1466 23.
907 1407 952 1464 26.
966 1428 1014 1487 72.
1024 1407 1073 1483 95.
1086 1425 1161 1485 quae
1172 1405 1289 1467 omnia
1300 1425 1372 1468 non
1387 1406 1431 1469 iis
1446 1407 1677 1490 explicantur,
1698 1425 1774 1487 quae

366 1507 472 1591 vulgo
491 1507 715 1570 Grammatici
733 1510 776 1570 dc
798 1510 865 1570 hoc
887 1494 1096 1590 pronomine
1115 1509 1323 1592 praecipiunt
1346 1511 1406 1574 cir.
1431 1513 1570 1576 Ramsh.
1589 1511 1620 1595 §.
1649 1516 1715 1574 252.
1746 1535 1773 1572 2.

365 1611 389 1672 5.
410 1627 480 1683 224.
496 1616 532 1686 3.
556 1615 584 1672 6.
607 1616 668 1675 sed
692 1631 733 1675 ex
757 1613 959 1677 Salustianae
979 1615 1148 1678 orationis
1172 1596 1328 1702 ἐναργείᾳ
1344 1621 1531 1700 repetenda
1549 1625 1639 1680 sunt.

451 1717 584 1781 Verba.
593 1717 712 1782 52222222
724 1717 839 1782 minus
847 1717 981 1783 usitatae
989 1721 1043 1783 hae
1055 1730 1145 1782 sunt.
1156 1718 1296 1784 scilicet
1306 1722 1330 1783 i.
1340 1742 1368 1785 2.
1378 1723 1465 1786 scire
1473 1723 1556 1798 licet
1565 1735 1597 1789 3.
1608 1741 1638 1799 4.
1651 1709 1714 1786 223.
1727 1725 1773 1786 H.

364 1823 391 1884 1.
403 1843 450 1903 29.
465 1819 680 1904 quaesitura.
694 1847 739 1885 22.
752 1823 983 1904 quoesereinc.
995 1829 1043 1906 39.
1062 1825 1306 1908 comperiorl.
1322 1831 1371 1902 54.
1385 1835 1609 1915 agnotarum
1619 1831 1663 1889 H.
1677 1851 1706 1890 2.
1719 1828 1769 1891 32.
1783 1826 1786 1831 ’
1826 1833 1832 1840 ’

356 1927 576 2020 juraturum
586 1939 618 1994 3.
628 1943 678 2011 47.
690 1936 945 1992 occanuerunt
958 1930 990 1992 h.
1001 1934 1030 1992 3.
1041 1927 1263 1995 abnuituros
1276 1933 1321 1995 Η.
1329 1933 1356 1993 I.
1366 1934 1415 1993 36.
1428 1939 1690 2016 senectuspart.
1698 1948 1729 2008 4.
1741 1949 1771 2002 2.

366 2031 539 2116 nequiens
551 2034 619 2097 inc.
631 2036 698 2117 267.
716 2030 995 2120 requietuspart.
1011 2039 1078 2100 253.
1087 2057 1235 2100 accerso
1245 2046 1279 2100 et
1288 2036 1472 2100 accersire
1480 2039 1523 2098 H.
1532 2055 1561 2114 4.
1572 2055 1602 2113 4.
1614 2048 1647 2102 3.
1659 2053 1710 2113 aaa
1720 2040 1770 2110 43.

363 2143 400 2201 G.
410 2146 457 2206 6ο,
462 2135 643 2221 paenitens
653 2143 698 2203 H.
706 2143 732 2202 I.
743 2146 792 2204 23.
805 2136 1036 2207 circumlarit
1049 2161 1077 2205 2.
1089 2161 1118 2205 2.
1131 2138 1227 2206 calvi
1234 2142 1298 2206 inf.
1304 2163 1391 2227 pass.
1401 2147 1451 2223 39.
1461 2137 1604 2205 claudit
1615 2148 1644 2210 3.
1656 2143 1770 2206 calin.

363 2247 487 2326 inc.77.
508 2248 655 2309 densere
665 2247 733 2309 inc.
746 2265 815 2324 242.
829 2251 974 2332 gerund.
983 2249 1118 2331 passive
1128 2251 1158 2310 J.
1171 2253 1220 2311 62.
1238 2251 1282 2312 252
1297 2251 1448 2336 neglego
1460 2256 1495 2312 et
1508 2244 1681 2336 intellego
1692 2249 1772 2312 vide

362 2370 483 2434 supra3
502 2350 883 2432 nonquitestinVat.a.
893 2392 936 2406 -
950 2354 1353 2438 sapiusfrcquentatiris
1364 2375 1443 2418 usus
1453 2356 1773 2420 estSal.ostentare

342 2519 345 2521 .
362 2458 393 2522 3.
403 2460 431 2519 6.
440 2459 489 2519 66.
500 2457 607 2538 8589.
619 2454 805 2548 objectare
815 2462 844 2523 6.
862 2461 905 2522 H.
916 2463 942 2520 I.
956 2463 1002 2522 ι5.
1021 2462 1178 2524 ductare
1192 2472 1224 2526 3.
1234 2462 1283 2522 38.
1298 2480 1347 2544 70.
1363 2463 1399 2523 G.
1415 2482 1463 2522 22.
1480 2484 1526 2546 27.
1546 2458 1703 2524 dicitare
1718 2479 1769 2524 22.

363 2573 599 2628 occursantes
609 2575 642 2629 J.
662 2566 711 2627 85.
735 2560 924 2653 derfensare
940 2569 989 2627 26.
1006 2569 1056 2629 6ο.
1071 2587 1121 2649 97.
1145 2563 1308 2630 exercito
1329 2582 1378 2642 4ο.
1396 2569 1440 2628 H.
1460 2569 1487 2629 Ι.
1506 2568 1553 2630 25.
1574 2567 1770 2631 adventare

363 2673 412 2732 55.
426 2689 476 2749 99.
490 2667 707 2752 pollicitam·
725 2673 772 2731 16.
785 2679 1029 2753 prospectare
1041 2674 1095 2758 Ι60.
1117 2671 1285 2758 negitare
1302 2693 1369 2734 111.
1390 2680 1599 2735 sustentare
1612 2673 1655 2733 H.
1670 2673 1696 2733 I.
1718 2689 1767 2750 19.

361 2769 559 2855 afflictare,
579 2770 748 2862 rogitare
778 2777 814 2841 C.
840 2779 890 2838 31.
913 2773 1121 2863 exagitare,
1143 2771 1291 2859 agitare
1317 2791 1366 2848 24.
1385 2787 1417 2838 3.
1441 2779 1489 2836 63.
1516 2776 1770 2856 2521222552.-

361 2877 572 2962 Particzpia
599 2901 663 2963 pro
691 2881 914 2944 substantivis
940 2878 1072 2964 posita,
1099 2877 1149 2939 ita
1175 2885 1310 2952 tamen,
1331 2884 1371 2939 ut
1390 2896 1491 2975 suam!
1511 2886 1670 2940 naturam
1693 2896 1766 2939 non
1795 2929 1810 2936 -

359 2987 464 3070 plane
482 2996 618 3051 exuant.
650 2985 711 3050 cfr.
738 2997 770 3052 3.
802 3010 851 3068 71.
871 3006 932 3048 2222
954 2983 1105 3048 fideliter
1125 2990 1213 3044 acta
1230 3019 1272 3034 -
1298 2981 1390 3046 inter
1413 2985 1487 3045 haec
1505 2989 1646 3064 parata
1664 2990 1768 3063 atque
1879 3067 1882 3072 Ι

362 3092 508 3154 decreta
526 3093 559 3152 C.
584 3095 636 3164 43.
665 3109 705 3154 ea
729 3091 879 3156 feliciter
904 3098 992 3156 acta
1013 3101 1046 3156 J.
1080 3091 1130 3153 55.
1152 3109 1193 3153 22
1210 3090 1299 3153 benc
1314 3097 1431 3172 parta
1450 3090 1484 3150 C.
1505 3090 1555 3150 52.
1579 3087 1767 3161 mandata,

348 3203 563 3280 praccepta,
587 3215 634 3274 14.
653 3213 703 3277 94.
726 3201 770 3260 Η.
791 3202 816 3263 Ι.
842 3221 888 3278 29.
916 3197 1031 3259 aliena
1056 3197 1146 3260 bcn'c
1160 3204 1306 3278 parata
1330 3197 1374 3259 H.
1396 3195 1424 3260 1.
1449 3197 1498 3256 25.
1519 3195 1562 3254 225
1589 3188 1768 3274 requisita

362 3311 493 3368 naturae
510 3302 577 3366 inc.
594 3325 644 3383 92.
664 3324 769 3388 prava
790 3301 937 3384 incepta
957 3305 1001 3364 H.
1023 3307 1050 3365 I.
1073 3323 1122 3382 29.
1142 3297 1337 3390 gignentia
1356 3311 1390 3365 J.
1417 3320 1466 3379 79.
1485 3303 1534 3377 93.
1556 3297 1674 3358 omnia
1694 3319 1766 3360 non

360 3409 449 3472 bene
479 3412 649 3475 consalta
680 3432 730 3491 92.
766 3409 827 3472 252.
858 3432 903 3474 22.
929 3405 1116 3491 promissa
1137 3412 1187 3487 93.
1215 3430 1262 3470 22.
1284 3404 1356 3468 51152
1374 3397 1537 3466 dolentia
1561 3411 1594 3465 3.
1615 3416 1665 3481 94.
1688 3407 1768 3486 post

352 3508 487 3604 futuri
508 3517 550 3576 H.
574 3519 600 3576 I.
636 3519 682 3578 25.
713 3517 869 3579 volentes
898 3511 1009 3583 eoacti
1042 3507 1074 3580 J.
1100 3531 1167 3572 102.
1197 3517 1374 3572 merentes
1403 3524 1470 3566 coo.
1491 3515 1668 3587 parentes
1688 3507 1712 3569 i.
1736 3528 1765 3572 e.

361 3590 495 3688 limiti
535 3625 585 3701 87.
608 3623 722 3709 legati
741 3640 761 3681 a
781 3621 916 3682 Boccho
941 3635 1008 3682 222.
1029 3613 1199 3700 sanguine
1216 3607 1412 3702 conjuncti
1432 3631 1477 3669 10.
1500 3607 1659 3674 convicti
1667 3612 1766 3690 judi·
1786 3681 1789 3686 ,

361 3726 423 3789 2552
447 3735 480 3790 et
508 3726 682 3805 judicium
711 3723 879 3786 timentes
911 3725 946 3787 C.
982 3738 1028 3798 24.
1048 3757 1091 3775 -
1123 3719 1231 3787 Part.
1261 3734 1325 3798 pro
1349 3712 1554 3791 Adjectiris.
1577 3714 1763 3795 obediens,

361 3827 527 3918 indigens
538 3835 573 3898 C.
594 3855 620 3897 1.
643 3825 760 3896 sciens
775 3827 857 3892 vlde
876 3831 952 3891 Iud.
964 3829 1133 3909 pollutus
1156 3833 1188 3888 J.
1209 3825 1257 3883 25.
1273 3816 1439 3903 placitas
1460 3822 1509 3886 82.
1533 3830 1695 3886 metuens
1714 3843 1762 3890 2ο.
1837 3869 1839 3876 .

362 3932 509 4015 cupiens
529 3939 578 4010 84.
608 3940 730 3999 rolens
752 3937 896 4022 sapius,
919 3937 1000 3997 vido
1027 3931 1188 3994 indicem.
1215 3929 1305 3991 Part.
1328 3923 1400 3989 vim
1418 3927 1574 3990 adverbii
1595 3928 1700 3991 habet
1725 3929 1764 3990 in

362 4039 481 4103 multis
514 4040 699 4115 verborum
728 4042 901 4121 juncturis
932 4040 993 4101 cfr.
1023 4042 1072 4122 44.
1105 4041 1290 4102 certantes
1315 4051 1417 4118 agere
1436 4035 1569 4115 praedas
1590 4035 1638 4097 52.
1649 4029 1763 4122 festi-

361 4166 456 4208 nans
476 4146 609 4232 pergit,
641 4151 689 4230 57.
719 4151 769 4215 58.
794 4150 1037 4233 properantes
1065 4161 1160 4202 arma
1189 4142 1339 4226 capiunt.
1381 4136 1590 4223 Participio
1610 4138 1761 4225 perlecto

363 4253 548 4333 aliquoties
563 4257 683 4318 eadem
697 4252 750 4312 vis
762 4251 870 4331 inest,
889 4266 964 4328 quae
973 4245 1151 4323 adjectivis
1164 4247 1202 4310 ln
1214 4245 1297 4311 bilis
1306 4247 1545 4314 desinentibus
1560 4244 1619 4307 252.
1641 4242 1763 4310 incar·
1861 4323 1863 4328 .

360 4368 492 4440 ruptas
505 4372 537 4426 3.
558 4381 586 4422 2.
607 4349 767 4446 infectus
786 4356 835 4432 76.
857 4350 1058 4417 indomitus
1069 4354 1113 4414 H.
1130 4356 1156 4415 I.
1175 4355 1202 4416 5.
1225 4350 1382 4418 invictus
1397 4365 1430 4432 3.
1445 4357 1492 4428 45.
1516 4347 1697 4416 coercitus
1711 4371 1763 4429 92.
