4282 5390
1721 451 1768 524 83

356 627 441 706 Fosi.
462 641 619 726 «tragula
641 657 749 724 genus
774 639 851 721 t'eli,
873 637 980 720 dicta,
1001 641 1096 719 quod
1116 647 1212 702 scuto
1236 640 1340 704 infixa
1366 645 1552 705 trahatur.»
1585 641 1697 708 Avidi
1716 638 1769 707 di-

356 754 479 809 cuntur
498 744 616 827 duces,
638 747 732 824 quod
757 743 905 826 strenui,
925 744 1106 828 pugnandi
1131 746 1250 828 cupidi
1272 756 1368 808 erant
1384 757 1417 836 et
1438 750 1582 811 audaces
1600 749 1638 809 in
1650 750 1770 832 proeli-

354 873 415 914 um
435 843 542 913 ibant.
563 871 616 933 ap.
629 850 736 912 Tacit.
757 849 845 911 Hist.
866 853 895 912 3.
917 866 978 926 4ι;
1010 845 1109 913 avidi
1119 853 1372 932 periculorum
1394 853 1557 913 dicuntur
1574 853 1677 916 ctiam
1697 851 1770 918 ovi·
1793 887 1801 897 ·

264 963 267 968 “
336 951 437 1048 *dius
450 951 781 1038 quom-consultius
792 957 826 1018 h.
841 978 868 1017 2.
882 969 932 1031 24.
962 954 1001 1017 in
1022 959 1165 1018 eandem
1178 957 1382 1022 sententiam
1403 957 1543 1019 dictum.
1564 960 1666 1032 -46.-
1686 956 1770 1022 Pri·
1820 999 1826 1006 -

355 1083 414 1126 mo
437 1058 569 1125 incidit
576 1057 696 1148 forte.
719 1099 761 1114 -
782 1062 999 1125 lenunculus
1026 1064 1152 1125 melior
1173 1064 1341 1148 scriptura
1366 1073 1400 1128 et
1420 1066 1527 1127 Codd.
1544 1062 1770 1147 lapidumque

355 1167 558 1232 auctoritate
582 1173 616 1232 et
635 1145 848 1253 etymologia
874 1165 1085 1231 confirmata.
1109 1169 1159 1230 ita
1183 1170 1288 1232 etiam
1307 1169 1480 1233 Ammian.
1499 1169 1652 1232 Marcell.
1674 1184 1722 1242 14.
1743 1191 1771 1249 7.

355 1275 552 1338 lenunculo
574 1295 611 1337 se
633 1270 854 1338 commisisse
873 1270 1067 1357 piscantis.
1095 1284 1255 1339 caeterum
1273 1276 1390 1339 literas
1410 1273 1563 1338 initiales
1585 1297 1612 1337 r.
1637 1276 1711 1337 etl.
1732 1275 1771 1337 in

356 1381 642 1464 pronuntiatione
660 1388 793 1443 mutare
809 1379 915 1443 'facile
934 1387 1015 1443 erat.
1036 1384 1273 1455 nomunculus
1291 1382 1379 1469 inde¹
1391 1390 1507 1444 ortum
1524 1401 1595 1446 esse
1613 1372 1772 1462 videtur,

296 1527 303 1534 -
356 1487 452 1565 quod
474 1495 586 1569 erant,
616 1486 677 1567 qui
705 1486 808 1564 hujus
833 1485 927 1548 vocis
949 1484 1122 1570 originem
1141 1487 1186 1546 ad
1210 1507 1331 1549 remus
1351 1487 1530 1550 referrent.
1551 1486 1771 1575 Taemmal.

359 1603 405 1663 14.
425 1591 454 1652 5.
476 1590 727 1654 lembunculus
754 1591 785 1654 si
809 1591 952 1672 quidem
977 1589 1081 1654 lectio
1101 1610 1183 1653 sana
1202 1601 1261 1654 est.
1283 1595 1450 1676 Caeterum
1467 1593 1572 1655 Debr.
1596 1595 1664 1655 hoc
1681 1591 1773 1674 frag-

356 1701 511 1758 mentum
521 1699 564 1776 ad
578 1695 792 1760 Mithridatis
808 1697 925 1783 fugam
935 1696 1049 1760 refert.-
1072 1696 1132 1761 cir.
1143 1699 1289 1782 Appian.
1302 1697 1460 1760 Mithrid.
1476 1718 1504 1760 c.
1516 1679 1565 1758 86.
1586 1730 1605 1744 -
1615 1705 1692 1776 47.’-
1711 1693 1777 1758 Ad

355 1799 425 1864 hoe
441 1821 567 1882 pauca
583 1800 760 1884 piraticos
782 1801 806 1865 i.
825 1823 853 1866 c.
872 1807 917 1865 sd
941 1803 1122 1886 piraticam
1146 1803 1339 1866 faciendam
1364 1802 1502 1887 Qunict.
1525 1803 1554 1863 8.
1571 1804 1609 1863 3:
1629 1799 1774 1892 <<pirati-

356 1921 593 1988 cam'quoque
622 1916 661 1968 ut
683 1908 849 1971 musicam
875 1917 909 1971 et
938 1908 1107 1970 fabricam
1138 1908 1209 1970 dici
1231 1910 1343 1969 adhuc
1364 1908 1572 1970 dubitabant
1595 1904 1666 1968 mei
1684 1923 1774 1988 prae-

355 2018 540 2094 ceptores.”
567 2014 634 2074 Sed
655 2014 806 2075 occurrit
826 2033 878 2095 ap.
900 2015 966 2074 Cic.
985 2020 1060 2095 post
1083 2005 1184 2074 redit.
1208 2012 1246 2073 in
1264 2013 1342 2074 Sen.
1360 2034 1388 2075 c.
1412 2015 1441 2074 5.
1460 2011 1523 2074 alii
1539 2007 1706 2094 piratico
1723 2011 1774 2072 le·
1813 2047 1822 2066 .

356 2123 453 2196 gunt.
476 2115 615 2178 videtur
635 2116 868 2198 fragmentum
887 2119 981 2176 haud
996 2117 1150 2176 alienum
1171 2135 1191 2172 a
1209 2115 1350 2174 Sertorii
1369 2133 1534 2193 persona,
1557 2133 1635 2172 cum
1649 2112 1773 2194 Hispa-

357 2215 416 2276 nia
435 2215 555 2298 pulsus
580 2235 676 2276 oram
696 2217 907 2276 maritimam
924 2215 1117 2276 latrociniis
1130 2214 1322 2277 infestabat.
1344 2217 1420 2289 -48,
1432 2249 1447 2260 -
1470 2211 1607 2279 Omnia
1620 2223 1773 2279 sacrata

357 2340 526 2401 corporo.
546 2319 673 2392 «fallor
693 2322 783 2403 ego?
813 2339 856 2380 an
881 2321 924 2381 de
955 2318 1052 2381 chiis
1081 2319 1238 2399 loquitur
1271 2319 1433 2402 Crispus?
1454 2339 1541 2401 quos
1560 2340 1580 2380 a
1599 2321 1772 2403 Zenobio,

235 2467 241 2476 ·
357 2421 586 2485 Mithridatici
605 2421 773 2482 exercitus
792 2423 894 2500 duce,
916 2429 1050 2479 exsutos
1072 2421 1197 2501 armis,
1216 2431 1295 2500 post
1313 2426 1359 2482 M.
1380 2427 1426 2486 M.
1449 2427 1658 2489 talentorum
1677 2445 1774 2490 exac-

357 2529 508 2611 tionem,
537 2533 709 2588 caussante
732 2525 849 2586 deesse
873 2521 1009 2602 aliquid
1038 2521 1131 2602 justo
1157 2525 1318 2607 ponderi,
1349 2545 1460 2590 mares
1481 2547 1635 2591 scorsum
1656 2553 1676 2592 a
1697 2552 1773 2592 mu-

356 2631 501 2696 lieribus
516 2640 550 2696 et
566 2629 684 2715 pueris
705 2629 743 2692 in
760 2613 862 2691 naves
881 2626 1062 2718 impositos
1075 2635 1177 2707 atque
1195 2627 1244 2689 ita
1259 2629 1430 2712 dispulsos
1455 2650 1475 2692 a
1492 2632 1604 2716 patria
1617 2635 1657 2696 in
1671 2637 1774 2698 Euxi-

357 2759 442 2800 num
469 2757 575 2820 porro
604 2734 779 2818 deportari
803 2734 915 2812 jussos
943 2739 1112 2794 memorat
1143 2732 1331 2814 Appianas.
1359 2743 1489 2797 sacrata
1513 2757 1658 2820 corpora
1690 2760 1772 2825 ergo

359 2840 529 2905 destinata
537 2843 642 2906 morti
652 2849 685 2905 et
695 2841 795 2924 quasi
809 2843 931 2904 devota
942 2839 996 2901 dis
1011 2837 1173 2900 Manibus
1185 2838 1404 2920 interpretor.
1427 2843 1546 2920 Neque
1565 2841 1773 2908 absimiliter

358 2949 456 3012 Maro
463 2956 654 3012 sacratum
667 2969 803 3031 corpus
809 2942 956 3011 Sinonis
969 2941 1338 3028 scripsit.»Douza.cfr.
1349 2945 1435 3027 App.
1445 2946 1489 3007 de
1499 2946 1533 3006 b.
1549 2945 1669 3007 Mithr.
1680 2967 1707 3013 c.
1720 2952 1771 3022 46.

359 3062 392 3117 et
402 3069 452 3134 47.
486 3056 587 3119 -50.-
607 3055 695 3117 Ictu
715 3073 841 3118 eorum
862 3034 1424 3126 ..Donatusactivamvimverhum
1433 3051 1773 3134 ruerehabetetno-

359 3167 431 3222 tare
443 3166 516 3222 toto
527 3179 670 3242 corpore
681 3158 1063 3240 utiadimpellendum:
1079 3159 1173 3234 quod
1186 3176 1227 3217 ex
1237 3159 1305 3218 hoc
1318 3157 1396 3219 loco
1412 3159 1537 3219 nonita
1544 3176 1626 3222 vere
1637 3158 1772 3220 conclu-

361 3265 476 3338 deres3
494 3263 624 3325 dictum
648 3262 742 3325 enim
759 3269 798 3323 ut
819 3261 887 3327 Cic.
901 3261 962 3343 Ep.
988 3283 1013 3320 1.
1028 3280 1058 3337 9.
1069 3277 1109 3335 n.
1126 3262 1174 3322 26.
1195 3261 1395 3344 gravissime
1417 3269 1532 3326 autem
1554 3284 1611 3326 me
1639 3262 1679 3326 in
1706 3267 1772 3326 hac

361 3375 476 3431 mente
497 3366 637 3451 impulit
654 3366 812 3449 Pompeji
825 3366 920 3429 fides.
946 3367 1033 3426 Gum
1041 3364 1136 3428 cuim
1146 3365 1341 3450 significare
1348 3367 1471 3451 voluit,
1480 3368 1542 3448 qui
1551 3367 1656 3431 fuerit
1666 3387 1772 3431 ruen-

361 3470 448 3534 tium
465 3481 499 3536 et
520 3472 717 3535 cadentium
733 3473 772 3533 in
786 3470 929 3534 flumine
948 3465 1104 3543 effectus,
1129 3489 1200 3531 non
1212 3479 1365 3553 poterat:
1389 3473 1425 3535 in
1445 3477 1574 3536 flumen
1592 3472 1773 3536 ruebant.»

362 3581 451 3642 Cort.
461 3579 712 3648 Pertinerehoc
724 3579 860 3658 videtur
869 3579 912 3638 ad
922 3576 1101 3640 victoriam
1110 3579 1153 3640 de
1165 3576 1298 3640 Fufidio
1308 3586 1527 3662 reportatam,
1537 3577 1770 3641 ubiinmedio

361 3683 503 3746 flumine
520 3685 603 3748 Baeti
623 3693 814 3770 pugnatum
837 3691 896 3747 est.
917 3682 1018 3743 -sa-
1039 3678 1289 3747 Circumventi
1305 3684 1448 3752 dextra
1468 3683 1524 3745 his
1538 3683 1770 3747 verbisDebr.

361 3798 459 3872 putat
495 3810 677 3855 moerorem
705 3799 738 3854 et
764 3788 940 3852 tristitiam
967 3786 1170 3871 legionisa
1150 3788 1349 3853 aCurione
1382 3790 1589 3899 proconsule
1619 3787 1770 3852 dimissae

362 3893 559 3980 significari.
578 3899 679 3958 5-3.-
700 3897 867 3959 Immone
880 3900 1068 3974 quantum
1090 3891 1228 3957 Graece.
1249 3860 1485 3976 &annosis
1468 3905 1548 3952 οσον.
1581 3893 1640 3960 cfr.
1663 3891 1769 3956 Tacit.

235 4033 245 4053 ·
361 4001 451 4064 Hist.
474 4005 503 4062 3.
524 4003 579 4080 623
610 4017 639 4078 4.
665 4006 767 4080 34-
749 4001 852 4076 -.-54
871 3998 927 4063 At
953 3993 1030 4082 illi,
1057 3994 1248 4079 quibus-
1267 4001 1313 4059 sd
1331 3999 1487 4061 Amisum
1507 4008 1641 4086 captam
1663 4006 1769 4063 rettu-

360 4105 520 4172 litDebr.
541 4107 601 4172 cfr.
619 4106 766 4192 Appian.
788 4105 952 4170 eninr.
970 4126 998 4167 c.
1019 4105 1069 4166 83.
1091 4103 1263 4202 Plutarch.
1286 4101 1421 4166 Lucull.
1444 4126 1490 4185 ¹9·

1446 4417 1470 4458 *-
