4282 5390
1691 446 1743 536 as

226 671 231 684 .
334 634 378 694 de
391 593 678 692 tantoarmorum
695 640 850 686 successu
866 621 1028 708 sollicito,
1048 627 1199 692 Romani
1213 628 1252 692 in
1269 630 1427 700 bibernis
1441 635 1597 720 repetiuo
1613 634 1747 720 impetu

334 730 504 820 oppressi,
532 749 694 816 magnam
723 728 857 794 cladem
884 730 1060 820 hostibus,
1090 733 1174 819 ipsis
1199 737 1472 808 Saturnaliorum
1505 740 1628 808 diebus
1652 742 1747 806 intu-

334 841 460 905 lerunt.
472 836 514 914 θ)

416 944 583 1008 Praeterea
604 942 660 1006 his
686 937 889 1006 consulibus
907 941 1100 1022 conjuratio
1127 944 1166 1008 in
1193 948 1444 1032 rempublicam
1470 948 1578 1034 facta,
1607 954 1651 1018 de
1678 971 1747 1042 qua

335 1048 396 1114 cfr.
413 1049 480 1114 Sal.
499 1046 596 1112 Catil.
616 1067 647 1112 c.
663 1049 713 1112 ιθ.
733 1068 782 1127 ¹9·
794 1046 855 1129 ⁰⁹)

380 1252 488 1332 Anni
507 1251 793 1360 DCLXXXIX.
817 1256 877 1340 P.
898 1254 942 1332 U.
972 1255 1010 1332 C.
1040 1253 1220 1334 Consules
1242 1258 1281 1332 L.
1302 1257 1480 1337 Aurelius
1505 1260 1631 1344 cotra,
1656 1261 1697 1335 L.

838 1382 1006 1458 Mmtlius
1025 1382 1248 1485 Torquatum.
1339 1487 1344 1496 „

426 1565 515 1632 Vere
533 1565 677 1629 ineunte
686 1565 870 1669 Pompejus
882 1571 1065 1632 adversum
1082 1568 1202 1634 Iberos
1214 1567 1429 1633 Albanorum
1449 1567 1617 1634 finitimos
1639 1570 1747 1654 duxit,

334 1675 368 1736 et
379 1670 515 1734 duobus
530 1669 662 1754 proeliis
678 1670 804 1750 victos,
824 1692 948 1762 pacem·
960 1673 1073 1742 facere
1087 1684 1122 1744 et
1135 1675 1274 1768 obsides
1292 1677 1374 1745 dore
1392 1675 1515 1760 coegit.
1534 1677 1624 1738 Tum
1637 1693 1747 1756 usque

412 1985 450 2072 θ)
470 1987 538 2055 cfr.
558 1989 663 2055 Dion.
682 1992 773 2060 Cass.
788 1994 826 2055 L.
844 1993 988 2062 xxxvl.
1010 1997 1182 2076 eati-37.
1204 1994 1293 2060 Plut.
1313 1997 1434 2082 Pomp.
1451 1998 1584 2070 30-34.
1601 1992 1748 2076 Appiam
1770 2069 1774 2076 ι
1897 2017 1902 2028 ·

334 2091 488 2156 Mithrid.
502 2099 694 2173 cop—105.
714 2099 813 2162 Oros.
829 2100 887 2164 VI.
895 2100 925 2172 l..
944 2098 1100 2162 Flor.III.
1115 2102 1144 2161 5.
1164 2101 1307 2178 Eutrop.
1321 2103 1379 2165 VI.
1397 2121 1446 2158 12.
1467 2101 1571 2166 ..Mon
1582 2093 1747 2174 Pompeio

333 2193 488 2258 delatum
504 2193 639 2257 bellum
660 2198 766 2264 etiam
786 2209 907 2260 contra
928 2219 1046 2280 regem
1062 2196 1301 2260 Mithridatem
1316 2202 1351 2259 et
1366 2194 1569 2278 Tigranems
1590 2213 1661 2273 quo
1677 2213 1750 2262 sus-

296 2323 301 2332 ·
335 2305 434 2384 cepto
456 2295 695 2360 Mithridatem
713 2296 753 2358 in
773 2298 939 2364 Armenia
954 2297 1092 2360 minore
1110 2304 1283 2360 nocturno
1304 2297 1429 2382 proelio
1449 2297 1549 2382 vicit,
1571 2307 1680 2362 castra
1698 2299 1749 2362 di·

334 2401 444 2487 ripuit
459 2397 688 2481 quadraginta
706 2393 866 2454 millibus
890 2396 964 2468 ejus
985 2398 1129 2472 occisis‚·
1146 2399 1271 2476 viginti
1291 2409 1425 2459 tanturn
1450 2407 1495 2467 de
1517 2423 1580 2468 suo
1599 2404 1750 2469 exercitu

334 2505 470 2578 amisit,
486 2510 521 2568 et
532 2505 620 2564 duos
627 2494 866 2588 centurionesj
879 2494 1100 2560 Mithridates
1109 2515 1188 2560 cum
1197 2517 1305 2563 uxore
1316 2497 1408 2586 fugit
1417 2509 1452 2564 et
1465 2505 1601 2568 duobus
1613 2508 1749 2572 comiti-

335 2614 432 2680 bus.»
451 2606 512 2674 cfr.
527 2627 554 2672 c.
569 2610 618 2672 13.
643 2603 717 2668 Liv.
724 2600 814 2688 Epit.
826 2601 862 2664 G.
873 2659 877 2662 .
888 2601 973 2677 «Gn.
987 2600 1171 2686 Pompejus
1181 2605 1226 2669 ad
1236 2606 1428 2690 gerendum
1440 2605 1576 2690 bellum
1585 2611 1748 2676 adversus

239 2707 244 2735 '
337 2717 575 2782 Mithridatem
588 2708 777 2796 profectus,
798 2729 873 2774 cum
885 2727 967 2794 rege
980 2709 1184 2774 Parthorum
1199 2711 1346 2774 Phraate
1360 2709 1549 2776 amicitiam
1560 2715 1750 2796 renovavit,

338 2820 490 2908 equestri
506 2816 631 2905 proelio
647 2814 885 2882 Mithridatem
900 2812 1041 2880 vicit-
1060 2815 1195 2880 bellum
1213 2815 1306 2878 inter
1321 2817 1521 2900 Phraaten,
1541 2820 1750 2891 Parthorum

336 2947 470 3015 regem,
489 2933 525 2990 et
543 2924 729 3010 Tigranem
747 2921 1010 3006 Armeniorum,
1031 2941 1071 2986 ac
1086 2921 1215 2988 deinde
1231 2918 1324 2986 iuter
1343 2919 1529 3006 Tigranem
1546 2922 1661 2987 tilium
1673 2933 1751 3010 pat-

337 3053 480 3118 remque
492 3039 643 3119 gestum3
665 3029 714 3099 io.
723 3030 778 3094 CI.
795 3033 878 3106 «Cn.
895 3027 1079 3120 Pompejus
1093 3027 1333 3094 Mithridatem
1348 3035 1519 3094 nocturno
1536 3029 1663 3114 praelio
1679 3031 1752 3098 ric-

275 3193 279 3200 ,
338 3147 413 3204 tum
435 3139 550 3226 coegit
568 3142 747 3223 Bosporon
767 3135 972 3222 profugere,
990 3135 1177 3221 Tigranem
1195 3133 1234 3197 in
1250 3132 1466 3198 deditionem
1486 3135 1618 3221 accepit
1632 3136 1751 3222 eique,

341 3245 487 3314 ademtis
505 3244 625 3326 Syrio,
642 3241 822 3324 thuice‚
840 3239 983 3323 Cilicio,
1001 3258 1148 3326 regnum
1166 3238 1338 3308 Armeniae
1351 3239 1533 3306 restituit.»

400 3337 480 3432 κδ’)
502 3346 570 3408 Gir.
587 3347 710 3412 Ascon.
732 3343 874 3410 Pedion.
894 3346 1026 3410 conn.
1042 3344 1081 3410 in
1099 3345 1343 3410 cornelianam
1357 3368 1391 3433 p.
1411 3367 1470 3428 1²9
1487 3355 1522 3414 et
1543 3347 1585 3411 in
1598 3347 1694 3412 Orat.
1712 3348 1751 3445 in

343 3463 414 3541 tog.
434 3450 581 3516 Candid2
598 3474 634 3536 p.
652 3452 722 3516 152.
736 3451 841 3520 Dion.
858 3453 949 3520 Cass.
962 3451 1040 3516 Lib.
1059 3451 1203 3519 XXXVI.
1220 3473 1268 3534 27.
1289 3451 1364 3518 Liv.
1383 3453 1473 3538 Epit.
1492 3453 1544 3516 GI.
1562 3451 1752 3530 ..conjura-

340 3561 392 3626 tio
411 3579 551 3642 eorum‚
570 3555 634 3640 qui
652 3557 877 3642 inpetitione
896 3558 1093 3623 consulatus
1114 3557 1265 3624 ambitus
1284 3560 1442 3626 damnati
1461 3565 1576 3640 erant,
1597 3556 1686 3620 facta
1707 3559 1752 3628 de

342 3663 592 3752 interficiendis
611 3663 828 3750 consulibus,
846 3683 1008 3752 oppressa
1025 3671 1108 3730 est»
1126 3666 1180 3732 De
1196 3664 1339 3746 Pisone,
1362 3666 1425 3750 qui
1443 3665 1535 3732 iuter
1556 3661 1752 3741 conjuratos

343 3768 426 3857 fuit,
444 3769 587 3856 sigonio
607 3776 708 3856 teste,
728 3772 848 3838 Romae
865 3771 934 3838 hoc
956 3780 1221 3840 mouumentum
1241 3780 1365 3838 exstat:

426 3875 493 3943 Cn.
511 3871 738 3958 Calpurnius
754 3875 822 3943 Cn.
835 3877 880 3942 F.
894 3871 984 3942 Pico
1002 3875 1176 3960 Qumstor
1187 3872 1260 3962 pr'o
1273 3879 1339 3946 Pr.
1357 3898 1402 3944 eae
1420 3877 1455 3942 S.
1469 3871 1510 3942 C.
1520 3866 1765 3956 provinciam

342 3975 568 4064 Hispaniam
585 3975 793 4044 citeriorem
811 3975 981 4047 obtinuit.
1012 3982 1072 4060 cfr,
1091 3983 1281 4052 Comment.
1298 3982 1340 4046 in
1360 3982 1447 4044 Fast.
1469 3976 1636 4061 triumph.
1644 3977 1752 4042 Rom.

344 4106 379 4169 p.
401 4089 472 4167 273.
491 4087 621 4151 Eodem
634 4105 727 4152 anno
753 4088 851 4184 (totta
870 4089 1076 4174 proconsul,
1096 4090 1217 4172 quiin
1236 4084 1404 4152 Heraclea
1424 4083 1657 4170 oppugnanda
1678 4100 1755 4146 cru-

346 4189 458 4256 delem
478 4199 513 4258 et
531 4211 672 4256 avarum
690 4212 727 4256 se
742 4193 950 4276 prebuerat,
970 4199 1014 4264 de
1032 4194 1234 4282 repetundis
1256 4195 1431 4258 accusatus
1448 4209 1521 4256 esse
1533 4189 1681 4260 videtur.
1694 4183 1756 4249 ob.

337 4295 449 4364 bion.
465 4300 553 4365 Cass.
566 4299 643 4364 Lib.
663 4300 804 4371 xxxvl.
822 4319 850 4366 c.
869 4304 919 4366 23.
1062 4339 1065 4346 ,

1025 4418 1030 4432 ·
1441 4405 1465 4450 r
