4282 5390
435 473 469 545 6⁸
576 585 578 592 ,

517 666 588 750 Qui
595 665 736 747 quidem
748 667 781 727 et
797 657 879 724 novi
892 653 1048 720 bellandi
1055 652 1208 740 generis,
1229 653 1321 734 quod
1337 649 1522 714 latrocinio
1537 669 1642 732 quam
1646 650 1742 730 justo
1750 655 1848 721 bello

435 772 587 840 similius
597 778 686 852 erat,
701 771 868 848 insuetus,
884 771 917 826 et
926 759 1223 826 insidiishostium
1231 755 1478 838 laboribusque
1488 755 1661 842 fatigatus,
1676 761 1713 834 L,
1728 762 1850 827 Domi.

436 881 525 944 tium
535 876 777 963 proconsulem
801 892 842 934 ex
861 867 1016 934 citeriori
1031 865 1198 950 Hispania
1215 883 1295 926 cum
1314 863 1476 926 omnibus
1500 863 1631 947 copiis,
1651 886 1736 946 quas
1748 887 1849 966 para·

429 993 544 1064 -rerat,
562 979 744 1048 arcessivit.
758 977 931 1040 Plutarch.
939 978 1057 1057 Pomp.
1072 992 1120 1052 17.
1134 970 1260 1036 Sertor.
1272 985 1319 1030 ια.
1331 969 1454 1038 Salust.
1463 969 1583 1055 fragm.
1597 973 1625 1032 Ι.
1637 992 1685 1051 27.
1707 974 1740 1036 Is
1754 993 1851 1055 aeque

434 1109 475 1154 ac
492 1089 579 1154 alter
602 1085 738 1151 Metelli
755 1087 888 1170 legatus
905 1079 1074 1160 Thorius,
1104 1076 1148 1139 ab
1172 1073 1346 1154 Hirtulejo
1367 1076 1512 1142 Sertorii
1537 1078 1638 1160 duce,
1670 1081 1715 1140 ad
1744 1081 1850 1143 Anam

433 1401 652 1467 interiectum
673 1423 744 1467 esse
768 1408 901 1475 narrat,
922 1396 1077 1478 bellique
1100 1390 1242 1455 initium
1264 1390 1307 1452 ab
1327 1409 1419 1454 anno
1445 1399 1690 1465 sexcentesimo
1715 1411 1852 1487 septua-

434 1508 565 1595 gesimo
586 1509 688 1574 tertio
707 1532 741 1591 p.
758 1511 800 1570 U.
821 1511 856 1575 C.
872 1505 1004 1589 repetit.
1020 1499 1137 1563 Livius
1156 1497 1297 1580 quidem
1315 1496 1419 1581 (Epit.
1436 1500 1502 1583 96.)
1523 1502 1714 1568 Sertorium
1731 1519 1851 1575 octavo
1967 1497 1973 1503 ’

433 1616 577 1678 ducatus
597 1615 652 1677 sui
672 1627 764 1676 anno
789 1611 1010 1676 interfectum
1031 1603 1166 1685 statuit,
1189 1603 1227 1665 id
1245 1606 1340 1685 quod
1357 1603 1537 1668 confirmat
1557 1611 1742 1694 Eutropius
1763 1614 1851 1678 Hist.

436 1730 466 1790 6.
489 1750 515 1789 ι.
532 1737 566 1794 et
578 1729 755 1813 Appianus
773 1732 808 1791 B.
826 1730 894 1794 Cir.
915 1730 940 1788 l.
960 1727 1028 1787 108.
1043 1745 1122 1787 oum
1137 1693 1175 1779 τὲ
1194 1707 1361 1804 Σερτωρίου
1389 1691 1482 1805 ἔργον
1500 1699 1655 1797 durastis
1671 1731 1778 1818 dicat,
1792 1734 1853 1798 sed

435 1835 509 1898 haec
523 1834 754 1920 discrepantia
769 1834 853 1902 inde
873 1840 949 1897 orta
964 1837 1029 1908 est,
1050 1834 1146 1914 quod
1163 1829 1297 1895 bellum
1316 1832 1452 1896 duobus
1471 1833 1572 1899 annis
1593 1846 1672 1920 post
1690 1837 1854 1903 exarsisse

438 1944 602 2003 statuunt.
1337 1991 1347 2000 ›

518 2052 604 2112 Nam
632 2050 749 2115 Tullio
777 2057 810 2113 et
831 2045 1014 2113 Dolabella
1051 2049 1141 2112 Coss.
1172 2048 1208 2109 G.
1231 2045 1384 2110 Annium
1407 2048 1555 2112 Luscum
1581 2051 1786 2134 proconsule
1815 2051 1853 2114 in

436 2152 646 2232 Hispaniam
665 2157 808 2216 missum
834 2175 905 2218 esse
926 2153 1072 2240 Pighius
1099 2151 1219 2216 docuit
1242 2151 1301 2215 cir.
1322 2155 1511 2216 Commeat.
1536 2153 1575 2217 in
1602 2157 1725 2216 Annal.
1753 2159 1793 2216 T.
1811 2151 1853 2216 lI.

436 2277 471 2338 p.
492 2257 562 2335 267.
584 2263 618 2317 et
635 2257 794 2318 Debross.
810 2258 897 2320 Hist.
911 2261 1014 2338 Reip-
1032 2263 1135 2314 Rom.
1152 2261 1329 2332 L-pvest-
1346 2262 1464 2329 Meque
1475 2258 1694 2341 Satipntuit,
1714 2259 1856 2324 intanta

435 2360 589 2422 hostium
620 2360 766 2439 saevitia,
787 2362 943 2434 bellique
966 2355 1080 2419 civilis
1112 2353 1310 2427 atrocitate,
1331 2361 1370 2414 ut
1389 2373 1482 2416 anno
1510 2364 1589 2420 ante
1619 2363 1785 2427 exercitus
1817 2365 1856 2430 in

433 2465 639 2548 Hispaniam
657 2461 898 2523 dimitteretur.
922 2461 1027 2518 Recte
1045 2456 1156 2538 igitur
1174 2454 1262 2516 belli
1277 2453 1517 2536 Hispaniensis
1537 2458 1681 2522 initium
1702 2467 1745 2526 ab
1762 2486 1855 2548 anno

436 2569 642 2635 DCLXXHI.
655 2569 697 2628 U.
715 2569 750 2628 C.
771 2572 913 2649 repetas.
934 2562 1001 2624 Sed
1026 2579 1105 2622 oum
1126 2566 1160 2623 et
1174 2559 1245 2630 hoc,
1261 2567 1294 2622 et
1314 2561 1472 2640 sequenti
1489 2583 1582 2629 anuo
1595 2567 1765 2652 Sertorius
1783 2580 1857 2636 tan·
1927 2629 1930 2634 .

439 2683 512 2736 tum
536 2672 627 2734 levia
655 2671 778 2755 proelia
798 2690 876 2732 cum
898 2665 1061 2740 hostibus,
1088 2663 1270 2741 habuerit,
1300 2685 1364 2730 nec
1383 2667 1453 2743 nisi
1477 2672 1612 2738 duobus
1643 2680 1744 2740 annis
1776 2688 1856 2763 post

437 2775 534 2840 Sulla
553 2784 593 2839 et·
604 2777 745 2840 Metello
766 2779 872 2858 Coss,
895 2771 1100 2836 aLusitanis
1119 2775 1188 2834 dux
1207 2771 1350 2856 electus,
1364 2773 1403 2837 in
1416 2772 1620 2860 Hispaniam
1634 2782 1792 2868 redierit,
1814 2805 1854 2849 eo

439 2886 579 2946 demum
599 2903 691 2946 anno
705 2881 845 2956 Livius,
866 2877 1072 2962 Eutropius,
1096 2876 1274 2961 Appianus
1293 2878 1426 2944 bellum
1449 2891 1564 2946 ortum
1593 2906 1665 2952 esse
1694 2896 1854 2954 statuunt.

437 2989 525 3070 lam,
540 3010 616 3071 quae
636 3008 689 3052 res
707 3007 727 3048 a
744 2984 899 3048 Sertorio
917 2995 996 3048 ante
1010 2982 1145 3047 Metelli
1165 2985 1351 3046 adventum
1365 2996 1466 3070 gestae
1479 2987 1625 3068 fuerint,
1648 3013 1720 3056 non
1740 2995 1855 3058 minus

439 3096 624 3159 obscurum
644 3100 705 3156 est.
747 3093 948 3176 Complures
973 3091 1117 3174 quidem
1139 3091 1245 3152 duces
1267 3091 1443 3156 Romanos
1470 3094 1614 3180 devicit,
1647 3097 1738 3161 inter
1769 3099 1856 3180 quos

344 3178 350 3190 ¹
437 3198 623 3285 Fufidium
631 3215 641 3277 ',
662 3197 739 3283 (cfr.
758 3200 821 3262 Sal.
843 3202 974 3285 Fragm.
994 3200 1020 3259 1.
1052 3218 1101 3278 17.
1125 3204 1159 3262 et
1180 3195 1243 3274 52.)
1276 3195 1418 3264 Baeticae
1444 3200 1640 3286 praesidem,
1670 3197 1766 3282 c'ujus
1791 3225 1857 3268 no-

439 3333 521 3377 men
540 3317 633 3398 apud
653 3314 875 3378 Plutarchum
889 3320 1088 3397 corruptum
1103 3322 1171 3394 est3
1196 3289 1314 3400 (otho
1329 3311 1423 3378 enim
1435 3311 1574 3396 legitur)
1587 3314 1856 3380 Freinsheimius

440 3437 482 3482 ex
496 3418 676 3484 nonnullis
690 3420 790 3484 libris
804 3415 1009 3504 Furfidium
1029 3418 1174 3503 scripsit.
1195 3422 1306 3506 Quem
1326 3415 1469 3500 quidem
1486 3436 1528 3479 eo
1546 3437 1637 3481 anno
1652 3419 1855 3503 Hispaniam

440 3521 642 3587 ulteriorem
658 3523 866 3604 obtinuisse,
888 3525 1020 3590 nullius
1039 3525 1201 3607 quidem,
1223 3532 1392 3606 quantum
1416 3522 1578 3606 equidem
1600 3522 1856 3609 scio‚'scripto-

443 3626 491 3690 ris
511 3628 708 3694 testimonio
723 3632 961 3715 confirmatur,
984 3632 1045 3694 sed
1059 3631 1244 3694 Plutarcho
1263 3628 1452 3696 etSalustio
1471 3629 1668 3693 auctoribus
1686 3630 1855 3710 conjicere

443 3728 535 3795 licet.
555 3738 690 3820 Neque,
710 3759 814 3819 quem
825 3737 969 3824 Pighius
982 3736 1156 3821 nominat,
1176 3732 1330 3820 Didius,
1351 3734 1410 3802 cfr.
1418 3735 1542 3798 Annal.
1553 3737 1596 3798 II.
1611 3752 1680 3816 272.
1703 3739 1855 3801 adhunc

444 3823 575 3911 annum
595 3835 792 3904 referendus
821 3860 892 3900 esse
911 3842 1076 3922 ridetur,
1097 3841 1226 3924 quippe
1249 3841 1311 3922 qui
1333 3841 1445 3903 multo
1471 3849 1550 3904 ante
1569 3842 1653 3905 huic
1667 3844 1855 3926 provinciae

440 3939 626 4028 prefuerit.
647 3939 715 4003 Clr.
741 3943 871 4004 Ernest.
897 3943 988 4004 Clav.
1014 3941 1083 4005 Cic.
1110 3941 1232 4022 Vellej.
1256 3945 1361 4022 2.16;
1394 3944 1463 4010 Sal.
1487 3944 1608 4030 fragm.
1635 3947 1703 4012 inc.
1721 3950 1783 4013 lib.
1806 3952 1854 4016 65.

443 4045 564 4106 Postea
584 4045 752 4109 Sertorius
769 4044 877 4109 victos
895 4048 1069 4110 Romanos
1085 4035 1283 4129 persecutus
1304 4066 1376 4112 esse
1402 4056 1436 4113 et
1448 4049 1624 4134 Hispaniae
1645 4063 1779 4138 partem
1796 4075 1855 4118 oc-

443 4167 582 4231 cupasse
600 4149 746 4215 ridetur.
768 4153 866 4213 Hanc
888 4150 982 4214 enim
1001 4141 1137 4240 causam
1155 4152 1257 4216 luisse
1277 4159 1407 4237 statuo,
1429 4176 1490 4218 cur
1508 4147 1669 4225 Metellus
1682 4179 1747 4243 pro
1763 4161 1855 4224 Con·
1905 4188 1908 4194 ·

442 4241 517 4320 sule
535 4253 575 4316 in
594 4255 798 4339 Hispaniam
819 4277 896 4320 cum
912 4257 1060 4341 imperio
1080 4257 1282 4340 mitteretur.

403 4430 406 4436 ,
524 4360 593 4452 Ωιιί
604 4367 720 4425 utrum
741 4355 870 4436 Consul
885 4383 929 4427 an
948 4385 989 4436 ex
1002 4353 1182 4428 consulatu
1199 4362 1237 4428 in
1254 4364 1469 4449 provinciam
1482 4368 1622 4454 abierit,
1642 4389 1764 4458 parum
1778 4391 1851 4436 cer-
