<?xml version="1.0" encoding="UTF-8"?>
<!DOCTYPE html PUBLIC "-//W3C//DTD XHTML 1.0 Transitional//EN"
    "http://www.w3.org/TR/xhtml1/DTD/xhtml1-transitional.dtd">
<html xmlns="http://www.w3.org/1999/xhtml" xml:lang="en" lang="en">
 <head>
  <title>
</title>
<meta http-equiv="Content-Type" content="text/html;charset=utf-8" />
  <meta name='ocr-system' content='tesseract 3.04.00' />
  <meta name='ocr-capabilities' content='ocr_page ocr_carea ocr_par ocr_line ocrx_word'/>
</head>
<body>
  <div class='ocr_page' id='page_1' title='image "./ccrispisalustii01sallgoog_0381.png"; bbox 0 0 4334 5354; ppageno 0'>
   <div class='ocr_carea' id='block_1_1' title="bbox 457 427 530 484">
    <p class='ocr_par' dir='ltr' id='par_1_1' title="bbox 457 427 530 484">
     <span class='ocr_line' id='line_1_1' title="bbox 457 427 530 484; baseline 0 -50"><span class='ocrx_word' id='word_1_1' title='bbox 457 455 471 484; x_wconf 39' lang='grc' dir='ltr'>χ</span> <span class='ocrx_word' id='word_1_2' title='bbox 527 427 530 434; x_wconf 89' lang='grc'><strong>.</strong></span> 
     </span>
    </p>
   </div>
   <div class='ocr_carea' id='block_1_2' title="bbox 1551 481 1695 596">
    <p class='ocr_par' dir='ltr' id='par_1_2' title="bbox 1551 481 1695 596">
     <span class='ocr_line' id='line_1_2' title="bbox 1551 481 1695 596; baseline 0.014 -36"><span class='ocrx_word' id='word_1_3' title='bbox 1551 481 1577 596; x_wconf 14' lang='grc' dir='ltr'><strong>κ’</strong></span> <span class='ocrx_word' id='word_1_4' title='bbox 1624 485 1695 585; x_wconf 82' lang='lat'><strong>375</strong></span> 
     </span>
    </p>
   </div>
   <div class='ocr_carea' id='block_1_3' title="bbox 199 677 1773 1716">
    <p class='ocr_par' dir='ltr' id='par_1_3' title="bbox 250 677 1707 870">
     <span class='ocr_line' id='line_1_3' title="bbox 250 677 1707 768; baseline -0.001 -20"><span class='ocrx_word' id='word_1_5' title='bbox 250 723 254 728; x_wconf 91' lang='lat'><em>-</em></span> <span class='ocrx_word' id='word_1_6' title='bbox 291 691 394 768; x_wconf 78' lang='lat' dir='ltr'><strong>capere</strong></span> <span class='ocrx_word' id='word_1_7' title='bbox 413 680 495 744; x_wconf 80' lang='lat' dir='ltr'><strong>iirms</strong></span> <span class='ocrx_word' id='word_1_8' title='bbox 515 709 534 731; x_wconf 84' lang='lat'><strong>·</strong></span> <span class='ocrx_word' id='word_1_9' title='bbox 553 677 686 744; x_wconf 85' lang='lat' dir='ltr'><strong>nubibus</strong></span> <span class='ocrx_word' id='word_1_10' title='bbox 706 689 794 762; x_wconf 83' lang='lat' dir='ltr'><strong>atque</strong></span> <span class='ocrx_word' id='word_1_11' title='bbox 814 689 902 742; x_wconf 86' lang='lat' dir='ltr'><strong>nocte</strong></span> <span class='ocrx_word' id='word_1_12' title='bbox 921 711 941 730; x_wconf 91' lang='lat'>·</span> <span class='ocrx_word' id='word_1_13' title='bbox 960 683 1082 744; x_wconf 88' lang='lat' dir='ltr'><strong>transire</strong></span> <span class='ocrx_word' id='word_1_14' title='bbox 1101 682 1139 742; x_wconf 88' lang='lat' dir='ltr'><strong>ad</strong></span> <span class='ocrx_word' id='word_1_15' title='bbox 1157 701 1256 765; x_wconf 82' lang='lat' dir='ltr'><strong>regem</strong></span> <span class='ocrx_word' id='word_1_16' title='bbox 1278 713 1294 729; x_wconf 93' lang='lat'>-</span> <span class='ocrx_word' id='word_1_17' title='bbox 1320 701 1388 742; x_wconf 88' lang='lat' dir='ltr'><strong>cum</strong></span> <span class='ocrx_word' id='word_1_18' title='bbox 1410 681 1511 741; x_wconf 89' lang='lat' dir='ltr'><strong>albino</strong></span> <span class='ocrx_word' id='word_1_19' title='bbox 1530 710 1548 725; x_wconf 92' lang='lat'><strong>·</strong></span> <span class='ocrx_word' id='word_1_20' title='bbox 1568 695 1597 744; x_wconf 85' lang='lat' dir='ltr'><strong>et</strong></span> <span class='ocrx_word' id='word_1_21' title='bbox 1618 685 1707 747; x_wconf 77' lang='lat' dir='ltr'><strong>ferro-</strong></span> 
     </span>
     <span class='ocr_line' id='line_1_4' title="bbox 289 787 1696 870; baseline -0.005 -18"><span class='ocrx_word' id='word_1_22' title='bbox 289 791 423 854; x_wconf 79' lang='lat' dir='ltr'><strong>clausum</strong></span> <span class='ocrx_word' id='word_1_23' title='bbox 442 824 460 837; x_wconf 93' lang='lat'>-</span> <span class='ocrx_word' id='word_1_24' title='bbox 478 808 640 849; x_wconf 90' lang='lat' dir='ltr'><strong>memorem</strong></span> <span class='ocrx_word' id='word_1_25' title='bbox 661 787 861 848; x_wconf 90' lang='lat' dir='ltr'><strong>humanarum</strong></span> <span class='ocrx_word' id='word_1_26' title='bbox 880 807 978 850; x_wconf 88' lang='lat' dir='ltr'><strong>rerum</strong></span> <span class='ocrx_word' id='word_1_27' title='bbox 999 823 1017 837; x_wconf 91' lang='lat'><em>-</em></span> <span class='ocrx_word' id='word_1_28' title='bbox 1038 791 1201 849; x_wconf 78' lang='lat' dir='ltr'><strong>incolomes</strong></span> <span class='ocrx_word' id='word_1_29' title='bbox 1222 822 1240 836; x_wconf 96' lang='lat'><em>-</em></span> <span class='ocrx_word' id='word_1_30' title='bbox 1268 791 1317 870; x_wconf 80' lang='lat'><strong>39.</strong></span> <span class='ocrx_word' id='word_1_31' title='bbox 1338 787 1441 847; x_wconf 91' lang='lat' dir='ltr'><strong>albino</strong></span> <span class='ocrx_word' id='word_1_32' title='bbox 1461 807 1564 846; x_wconf 91' lang='lat' dir='ltr'><strong>omnes</strong></span> <span class='ocrx_word' id='word_1_33' title='bbox 1587 823 1604 833; x_wconf 98' lang='lat'><em>-</em></span> <span class='ocrx_word' id='word_1_34' title='bbox 1623 811 1696 867; x_wconf 73' lang='lat' dir='ltr'><strong>prce-</strong></span> 
     </span>
    </p>

    <p class='ocr_par' dir='ltr' id='par_1_4' title="bbox 199 877 1773 1716">
     <span class='ocr_line' id='line_1_5' title="bbox 223 877 1695 976; baseline -0.002 -20"><span class='ocrx_word' id='word_1_35' title='bbox 223 939 248 962; x_wconf 54' lang='lat'><em>„</em></span> <span class='ocrx_word' id='word_1_36' title='bbox 289 897 363 956; x_wconf 84' lang='lat' dir='ltr'><strong>clari</strong></span> <span class='ocrx_word' id='word_1_37' title='bbox 378 877 494 956; x_wconf 31' lang='lat' dir='ltr'><strong>&#39;luerint</strong></span> <span class='ocrx_word' id='word_1_38' title='bbox 512 929 530 941; x_wconf 92' lang='lat'>-</span> <span class='ocrx_word' id='word_1_39' title='bbox 548 895 658 954; x_wconf 86' lang='lat' dir='ltr'><strong>auxilia</strong></span> <span class='ocrx_word' id='word_1_40' title='bbox 678 913 846 954; x_wconf 86' lang='lat' dir='ltr'><strong>arcessere·</strong></span> <span class='ocrx_word' id='word_1_41' title='bbox 865 895 985 957; x_wconf 75' lang='lat' dir='ltr'><strong>invidia</strong></span> <span class='ocrx_word' id='word_1_42' title='bbox 1005 895 1144 970; x_wconf 84' lang='lat' dir='ltr'><strong>ardebat,</strong></span> <span class='ocrx_word' id='word_1_43' title='bbox 1165 897 1290 976; x_wconf 79' lang='lat' dir='ltr'>cognitis</span> <span class='ocrx_word' id='word_1_44' title='bbox 1308 925 1328 940; x_wconf 91' lang='lat'>-</span> <span class='ocrx_word' id='word_1_45' title='bbox 1347 892 1404 952; x_wconf 90' lang='lat' dir='ltr'><strong>sibi</strong></span> <span class='ocrx_word' id='word_1_46' title='bbox 1424 891 1503 952; x_wconf 90' lang='lat' dir='ltr'><strong>nihil</strong></span> <span class='ocrx_word' id='word_1_47' title='bbox 1523 892 1695 974; x_wconf 80' lang='lat' dir='ltr'><strong>agendum·</strong></span> 
     </span>
     <span class='ocr_line' id='line_1_6' title="bbox 199 989 1773 1083; baseline -0.002 -21"><span class='ocrx_word' id='word_1_48' title='bbox 199 1021 204 1028; x_wconf 86' lang='lat'><em>·</em></span> <span class='ocrx_word' id='word_1_49' title='bbox 288 999 339 1072; x_wconf 66' lang='lat' dir='ltr'><strong>dn.</strong></span> <span class='ocrx_word' id='word_1_50' title='bbox 360 1024 387 1062; x_wconf 89' lang='lat' dir='ltr'><strong>c.</strong></span> <span class='ocrx_word' id='word_1_51' title='bbox 409 1002 560 1061; x_wconf 89' lang='lat' dir='ltr'><strong>mamilius</strong></span> <span class='ocrx_word' id='word_1_52' title='bbox 579 1033 595 1047; x_wconf 90' lang='lat'>·</span> <span class='ocrx_word' id='word_1_53' title='bbox 616 1002 709 1060; x_wconf 81' lang='lat' dir='ltr'><strong>senati</strong></span> <span class='ocrx_word' id='word_1_54' title='bbox 730 999 846 1060; x_wconf 83' lang='lat' dir='ltr'><strong>decreta</strong></span> <span class='ocrx_word' id='word_1_55' title='bbox 865 1003 954 1083; x_wconf 92' lang='lat' dir='ltr'><strong>-qui</strong></span> <span class='ocrx_word' id='word_1_56' title='bbox 975 1002 1008 1060; x_wconf 90' lang='lat' dir='ltr'><strong>in</strong></span> <span class='ocrx_word' id='word_1_57' title='bbox 1029 1002 1107 1060; x_wconf 91' lang='lat' dir='ltr'><strong>illa·</strong></span> <span class='ocrx_word' id='word_1_58' title='bbox 1129 989 1412 1080; x_wconf 56' lang='lat' dir='ltr'><strong>quantum&#39;intcnta</strong></span> <span class='ocrx_word' id='word_1_59' title='bbox 1433 993 1693 1077; x_wconf 81' lang='lat' dir='ltr'><strong>luerit-jusserit.</strong></span> <span class='ocrx_word' id='word_1_60' title='bbox 1771 1073 1773 1076; x_wconf 22' lang='grc' dir='ltr'>Ι</span> 
     </span>
     <span class='ocr_line' id='line_1_7' title="bbox 288 1105 1702 1189; baseline -0.002 -23"><span class='ocrx_word' id='word_1_61' title='bbox 288 1109 383 1189; x_wconf 87' lang='lat' dir='ltr'><strong>magis</strong></span> <span class='ocrx_word' id='word_1_62' title='bbox 402 1106 473 1169; x_wconf 90' lang='lat' dir='ltr'><strong>odio</strong></span> <span class='ocrx_word' id='word_1_63' title='bbox 486 1138 505 1155; x_wconf 92' lang='lat'><em>-</em></span> <span class='ocrx_word' id='word_1_64' title='bbox 518 1129 552 1167; x_wconf 83' lang='lat' dir='ltr'><strong>ex</strong></span> <span class='ocrx_word' id='word_1_65' title='bbox 572 1107 707 1167; x_wconf 89' lang='lat' dir='ltr'><strong>mamilia</strong></span> <span class='ocrx_word' id='word_1_66' title='bbox 726 1106 879 1188; x_wconf 87' lang='lat' dir='ltr'><strong>rogatione</strong></span> <span class='ocrx_word' id='word_1_67' title='bbox 892 1140 908 1153; x_wconf 91' lang='lat'>-</span> <span class='ocrx_word' id='word_1_68' title='bbox 922 1107 1044 1166; x_wconf 83' lang='lat' dir='ltr'><strong>exercita</strong></span> <span class='ocrx_word' id='word_1_69' title='bbox 1065 1127 1164 1186; x_wconf 81' lang='lat' dir='ltr'>aspere</span> <span class='ocrx_word' id='word_1_70' title='bbox 1178 1138 1196 1153; x_wconf 92' lang='lat'><em>-</em></span> <span class='ocrx_word' id='word_1_71' title='bbox 1210 1119 1261 1180; x_wconf 79' lang='lat'><strong>4¹·</strong></span> <span class='ocrx_word' id='word_1_72' title='bbox 1283 1117 1312 1165; x_wconf 86' lang='lat' dir='ltr'><strong>et</strong></span> <span class='ocrx_word' id='word_1_73' title='bbox 1331 1116 1477 1165; x_wconf 73' lang='lat' dir='ltr'><strong>senatores</strong></span> <span class='ocrx_word' id='word_1_74' title='bbox 1498 1105 1663 1164; x_wconf 84' lang='lat' dir='ltr'><strong>lactionum</strong></span> <span class='ocrx_word' id='word_1_75' title='bbox 1677 1137 1702 1173; x_wconf 72' lang='grc'><strong>-,</strong></span> 
     </span>
     <span class='ocr_line' id='line_1_8' title="bbox 289 1207 1695 1295; baseline -0.001 -24"><span class='ocrx_word' id='word_1_76' title='bbox 289 1210 490 1295; x_wconf 84' lang='lat' dir='ltr'><strong>chartaginem</strong></span> <span class='ocrx_word' id='word_1_77' title='bbox 511 1214 638 1273; x_wconf 90' lang='lat' dir='ltr'><strong>deletam</strong></span> <span class='ocrx_word' id='word_1_78' title='bbox 658 1245 677 1261; x_wconf 94' lang='lat'>-</span> <span class='ocrx_word' id='word_1_79' title='bbox 704 1211 804 1292; x_wconf 86' lang='lat' dir='ltr'><strong>plebes</strong></span> <span class='ocrx_word' id='word_1_80' title='bbox 823 1215 853 1274; x_wconf 82' lang='lat' dir='ltr'><strong>vi</strong></span> <span class='ocrx_word' id='word_1_81' title='bbox 873 1215 969 1271; x_wconf 88' lang='lat' dir='ltr'><strong>soluta</strong></span> <span class='ocrx_word' id='word_1_82' title='bbox 1001 1211 1063 1291; x_wconf 86' lang='lat' dir='ltr'><strong>(sed</strong></span> <span class='ocrx_word' id='word_1_83' title='bbox 1089 1233 1102 1271; x_wconf 90' lang='lat' dir='ltr'><strong>s</strong></span> <span class='ocrx_word' id='word_1_84' title='bbox 1133 1214 1166 1272; x_wconf 90' lang='lat' dir='ltr'><strong>in</strong></span> <span class='ocrx_word' id='word_1_85' title='bbox 1196 1215 1257 1272; x_wconf 85' lang='lat' dir='ltr'><strong>fine</strong></span> <span class='ocrx_word' id='word_1_86' title='bbox 1285 1211 1412 1289; x_wconf 81' lang='lat' dir='ltr'>erasum)</span> <span class='ocrx_word' id='word_1_87' title='bbox 1440 1246 1456 1258; x_wconf 93' lang='lat'><em>-</em></span> <span class='ocrx_word' id='word_1_88' title='bbox 1484 1207 1664 1294; x_wconf 80' lang='lat' dir='ltr'><strong>urguebatur</strong></span> <span class='ocrx_word' id='word_1_89' title='bbox 1678 1245 1695 1257; x_wconf 96' lang='lat'>-</span> 
     </span>
     <span class='ocr_line' id='line_1_9' title="bbox 287 1303 1695 1400; baseline 0.001 -24"><span class='ocrx_word' id='word_1_90' title='bbox 287 1319 475 1399; x_wconf 77' lang='lat' dir='ltr'><strong>semetipsam</strong></span> <span class='ocrx_word' id='word_1_91' title='bbox 494 1319 690 1399; x_wconf 82' lang='lat' dir='ltr'><strong>praecipitavit</strong></span> <span class='ocrx_word' id='word_1_92' title='bbox 708 1348 727 1363; x_wconf 92' lang='lat'>·</span> <span class='ocrx_word' id='word_1_93' title='bbox 746 1317 833 1396; x_wconf 50' lang='lat' dir='ltr'><strong>‘quasi</strong></span> <span class='ocrx_word' id='word_1_94' title='bbox 854 1318 1050 1396; x_wconf 79' lang='lat' dir='ltr'><strong>permixtione</strong></span> <span class='ocrx_word' id='word_1_95' title='bbox 1071 1327 1152 1377; x_wconf 81' lang='lat' dir='ltr'><strong>terrae</strong></span> <span class='ocrx_word' id='word_1_96' title='bbox 1170 1351 1183 1364; x_wconf 93' lang='lat'><em>·</em></span> <span class='ocrx_word' id='word_1_97' title='bbox 1204 1307 1257 1388; x_wconf 56' lang='grc' dir='ltr'><strong>Δ).</strong></span> <span class='ocrx_word' id='word_1_98' title='bbox 1275 1340 1326 1399; x_wconf 87' lang='lat' dir='ltr'><strong>spe</strong></span> <span class='ocrx_word' id='word_1_99' title='bbox 1347 1303 1494 1378; x_wconf 88' lang='lat' dir='ltr'><strong>societatis</strong></span> <span class='ocrx_word' id='word_1_100' title='bbox 1512 1315 1695 1400; x_wconf 84' lang='lat' dir='ltr'><strong>··gracchc-</strong></span> 
     </span>
     <span class='ocr_line' id='line_1_10' title="bbox 221 1423 1694 1504; baseline 0.001 -24"><span class='ocrx_word' id='word_1_101' title='bbox 221 1437 226 1455; x_wconf 87' lang='grc'><strong>··</strong></span> <span class='ocrx_word' id='word_1_102' title='bbox 287 1441 354 1482; x_wconf 83' lang='lat' dir='ltr'><strong>rum</strong></span> <span class='ocrx_word' id='word_1_103' title='bbox 375 1424 556 1484; x_wconf 80' lang='lat' dir='ltr'><strong>factionibus</strong></span> <span class='ocrx_word' id='word_1_104' title='bbox 575 1454 595 1472; x_wconf 82' lang='lat'>-</span> <span class='ocrx_word' id='word_1_105' title='bbox 615 1425 691 1482; x_wconf 87' lang='lat' dir='ltr'><strong>ferro</strong></span> <span class='ocrx_word' id='word_1_106' title='bbox 711 1432 887 1484; x_wconf 81' lang='lat' dir='ltr'><strong>necaverant</strong></span> <span class='ocrx_word' id='word_1_107' title='bbox 905 1443 979 1483; x_wconf 85' lang='lat' dir='ltr'><strong>--ex</strong></span> <span class='ocrx_word' id='word_1_108' title='bbox 999 1423 1126 1483; x_wconf 87' lang='lat' dir='ltr'><strong>libidine</strong></span> <span class='ocrx_word' id='word_1_109' title='bbox 1146 1443 1231 1482; x_wconf 90' lang='lat' dir='ltr'><strong>suasa</strong></span> <span class='ocrx_word' id='word_1_110' title='bbox 1252 1457 1270 1471; x_wconf 91' lang='lat'><em>-</em></span> <span class='ocrx_word' id='word_1_111' title='bbox 1290 1425 1340 1494; x_wconf 70' lang='grc'><strong>46.</strong></span> <span class='ocrx_word' id='word_1_112' title='bbox 1362 1434 1430 1504; x_wconf 88' lang='lat' dir='ltr'><strong>post</strong></span> <span class='ocrx_word' id='word_1_113' title='bbox 1449 1423 1545 1482; x_wconf 87' lang='lat' dir='ltr'><strong>albini</strong></span> <span class='ocrx_word' id='word_1_114' title='bbox 1567 1423 1663 1484; x_wconf 78' lang='lat' dir='ltr'><strong>foedus</strong></span> <span class='ocrx_word' id='word_1_115' title='bbox 1675 1454 1694 1469; x_wconf 94' lang='lat'><em>-</em></span> 
     </span>
     <span class='ocr_line' id='line_1_11' title="bbox 288 1527 1740 1612; baseline 0.001 -28"><span class='ocrx_word' id='word_1_116' title='bbox 288 1527 398 1586; x_wconf 85' lang='lat' dir='ltr'><strong>milites</strong></span> <span class='ocrx_word' id='word_1_117' title='bbox 424 1527 547 1588; x_wconf 88' lang='lat' dir='ltr'><strong>scribere</strong></span> <span class='ocrx_word' id='word_1_118' title='bbox 572 1561 589 1576; x_wconf 81' lang='lat'>-</span> <span class='ocrx_word' id='word_1_119' title='bbox 615 1528 748 1609; x_wconf 83' lang='lat' dir='ltr'><strong>undique</strong></span> <span class='ocrx_word' id='word_1_120' title='bbox 775 1548 914 1612; x_wconf 78' lang='lat' dir='ltr'><strong>arcessere</strong></span> <span class='ocrx_word' id='word_1_121' title='bbox 943 1557 959 1572; x_wconf 86' lang='lat'><strong>·</strong></span> <span class='ocrx_word' id='word_1_122' title='bbox 994 1539 1022 1588; x_wconf 90' lang='lat' dir='ltr'><strong>et</strong></span> <span class='ocrx_word' id='word_1_123' title='bbox 1051 1531 1180 1611; x_wconf 89' lang='lat' dir='ltr'><strong>amplius</strong></span> <span class='ocrx_word' id='word_1_124' title='bbox 1208 1530 1311 1590; x_wconf 82' lang='lat' dir='ltr'><strong>alia·</strong></span> <span class='ocrx_word' id='word_1_125' title='bbox 1342 1529 1391 1599; x_wconf 69' lang='grc'><strong>46.</strong></span> <span class='ocrx_word' id='word_1_126' title='bbox 1412 1528 1534 1588; x_wconf 79' lang='lat' dir='ltr'><strong>cottidie</strong></span> <span class='ocrx_word' id='word_1_127' title='bbox 1553 1559 1571 1576; x_wconf 94' lang='lat'>-</span> <span class='ocrx_word' id='word_1_128' title='bbox 1596 1538 1693 1586; x_wconf 78' lang='lat' dir='ltr'><strong>etuas</strong></span> <span class='ocrx_word' id='word_1_129' title='bbox 1731 1567 1740 1572; x_wconf 97' lang='lat'>-</span> 
     </span>
     <span class='ocr_line' id='line_1_12' title="bbox 287 1631 1695 1716; baseline -0.001 -26"><span class='ocrx_word' id='word_1_130' title='bbox 287 1631 364 1710; x_wconf 89' lang='lat' dir='ltr'><strong>ipsas</strong></span> <span class='ocrx_word' id='word_1_131' title='bbox 383 1658 402 1682; x_wconf 82' lang='grc'>-</span> <span class='ocrx_word' id='word_1_132' title='bbox 432 1634 555 1693; x_wconf 85' lang='lat' dir='ltr'><strong>circuire</strong></span> <span class='ocrx_word' id='word_1_133' title='bbox 576 1645 611 1695; x_wconf 93' lang='lat' dir='ltr'><strong>ut</strong></span> <span class='ocrx_word' id='word_1_134' title='bbox 631 1656 699 1695; x_wconf 91' lang='lat' dir='ltr'><strong>cum</strong></span> <span class='ocrx_word' id='word_1_135' title='bbox 721 1633 812 1716; x_wconf 88' lang='lat' dir='ltr'><strong>signis</strong></span> <span class='ocrx_word' id='word_1_136' title='bbox 832 1665 850 1680; x_wconf 88' lang='lat'>-</span> <span class='ocrx_word' id='word_1_137' title='bbox 883 1635 933 1706; x_wconf 75' lang='grc'><strong>46.</strong></span> <span class='ocrx_word' id='word_1_138' title='bbox 953 1633 1094 1695; x_wconf 84' lang='lat' dir='ltr'><strong>dederent</strong></span> <span class='ocrx_word' id='word_1_139' title='bbox 1114 1655 1239 1694; x_wconf 89' lang='lat' dir='ltr'><strong>romano</strong></span> <span class='ocrx_word' id='word_1_140' title='bbox 1260 1639 1374 1714; x_wconf 92' lang='lat' dir='ltr'><strong>populo</strong></span> <span class='ocrx_word' id='word_1_141' title='bbox 1393 1669 1409 1680; x_wconf 90' lang='lat'><em>-</em></span> <span class='ocrx_word' id='word_1_142' title='bbox 1435 1635 1661 1702; x_wconf 72' lang='lat' dir='ltr'><strong>delictamanu</strong></span> <span class='ocrx_word' id='word_1_143' title='bbox 1680 1664 1695 1677; x_wconf 91' lang='lat'><strong>·</strong></span> 
     </span>
    </p>
   </div>
   <div class='ocr_carea' id='block_1_4' title="bbox 285 1736 1794 1817">
    <p class='ocr_par' dir='ltr' id='par_1_5' title="bbox 285 1736 1794 1817">
     <span class='ocr_line' id='line_1_13' title="bbox 285 1736 1794 1817; baseline -0.004 -20"><span class='ocrx_word' id='word_1_144' title='bbox 285 1739 333 1797; x_wconf 78' lang='lat' dir='ltr'><strong>vei</strong></span> <span class='ocrx_word' id='word_1_145' title='bbox 353 1757 476 1817; x_wconf 81' lang='lat' dir='ltr'><strong>praeseus</strong></span> <span class='ocrx_word' id='word_1_146' title='bbox 494 1771 514 1788; x_wconf 89' lang='lat'>·</span> <span class='ocrx_word' id='word_1_147' title='bbox 533 1751 607 1801; x_wconf 79' lang='lat' dir='ltr'><strong>esset</strong></span> <span class='ocrx_word' id='word_1_148' title='bbox 628 1741 741 1800; x_wconf 86' lang='lat' dir='ltr'><strong>incerto</strong></span> <span class='ocrx_word' id='word_1_149' title='bbox 764 1736 923 1797; x_wconf 87' lang='lat' dir='ltr'><strong>haberetur</strong></span> <span class='ocrx_word' id='word_1_150' title='bbox 938 1769 956 1782; x_wconf 92' lang='lat'><strong>··</strong></span> <span class='ocrx_word' id='word_1_151' title='bbox 975 1753 1025 1816; x_wconf 84' lang='lat'><strong>47.</strong></span> <span class='ocrx_word' id='word_1_152' title='bbox 1045 1737 1156 1798; x_wconf 78' lang='lat' dir='ltr'><strong>vaccba</strong></span> <span class='ocrx_word' id='word_1_153' title='bbox 1169 1764 1186 1778; x_wconf 89' lang='lat'><em>-</em></span> <span class='ocrx_word' id='word_1_154' title='bbox 1205 1741 1424 1813; x_wconf 77' lang='lat' dir='ltr'><strong>oportunitates</strong></span> <span class='ocrx_word' id='word_1_155' title='bbox 1446 1741 1506 1796; x_wconf 88' lang='lat' dir='ltr'><strong>loci</strong></span> <span class='ocrx_word' id='word_1_156' title='bbox 1525 1772 1540 1784; x_wconf 92' lang='lat'>·</span> <span class='ocrx_word' id='word_1_157' title='bbox 1559 1747 1588 1794; x_wconf 85' lang='lat' dir='ltr'><strong>et</strong></span> <span class='ocrx_word' id='word_1_158' title='bbox 1609 1755 1695 1793; x_wconf 87' lang='lat' dir='ltr'><strong>corn-</strong></span> <span class='ocrx_word' id='word_1_159' title='bbox 1784 1793 1794 1803; x_wconf 59' lang='grc'><strong><em>,</em></strong></span> 
     </span>
    </p>
   </div>
   <div class='ocr_carea' id='block_1_5' title="bbox 284 1838 1756 2437">
    <p class='ocr_par' dir='ltr' id='par_1_6' title="bbox 284 1838 1756 2437">
     <span class='ocr_line' id='line_1_14' title="bbox 285 1838 1694 1918; baseline -0.004 -20"><span class='ocrx_word' id='word_1_160' title='bbox 285 1851 417 1902; x_wconf 83' lang='lat' dir='ltr'><strong>meatum</strong></span> <span class='ocrx_word' id='word_1_161' title='bbox 432 1879 448 1889; x_wconf 95' lang='lat'>-</span> <span class='ocrx_word' id='word_1_162' title='bbox 468 1844 518 1914; x_wconf 66' lang='lat'><strong>48.</strong></span> <span class='ocrx_word' id='word_1_163' title='bbox 540 1845 590 1904; x_wconf 87' lang='lat' dir='ltr'><strong>sed</strong></span> <span class='ocrx_word' id='word_1_164' title='bbox 610 1865 647 1904; x_wconf 85' lang='lat' dir='ltr'><strong>eo</strong></span> <span class='ocrx_word' id='word_1_165' title='bbox 668 1843 768 1904; x_wconf 83' lang='lat' dir='ltr'><strong>medio</strong></span> <span class='ocrx_word' id='word_1_166' title='bbox 790 1841 874 1918; x_wconf 92' lang='lat' dir='ltr'><strong>quasi</strong></span> <span class='ocrx_word' id='word_1_167' title='bbox 893 1871 910 1882; x_wconf 93' lang='lat'>-</span> <span class='ocrx_word' id='word_1_168' title='bbox 928 1851 979 1914; x_wconf 80' lang='lat'><strong>49.</strong></span> <span class='ocrx_word' id='word_1_169' title='bbox 1000 1849 1152 1914; x_wconf 88' lang='lat' dir='ltr'><strong>postremo</strong></span> <span class='ocrx_word' id='word_1_170' title='bbox 1172 1843 1317 1914; x_wconf 86' lang='lat' dir='ltr'><strong>cujusque</strong></span> <span class='ocrx_word' id='word_1_171' title='bbox 1338 1839 1460 1915; x_wconf 85' lang='lat' dir='ltr'><strong>iugenio</strong></span> <span class='ocrx_word' id='word_1_172' title='bbox 1480 1871 1499 1885; x_wconf 89' lang='lat'>-</span> <span class='ocrx_word' id='word_1_173' title='bbox 1520 1850 1623 1894; x_wconf 87' lang='lat' dir='ltr'><strong>monte</strong></span> <span class='ocrx_word' id='word_1_174' title='bbox 1643 1838 1694 1892; x_wconf 88' lang='lat' dir='ltr'><strong>di-</strong></span> 
     </span>
     <span class='ocr_line' id='line_1_15' title="bbox 284 1935 1756 2026; baseline -0.003 -24"><span class='ocrx_word' id='word_1_175' title='bbox 284 1945 382 2026; x_wconf 87' lang='lat' dir='ltr'><strong>rigens</strong></span> <span class='ocrx_word' id='word_1_176' title='bbox 410 1948 481 2024; x_wconf 89' lang='lat' dir='ltr'><strong>(scd</strong></span> <span class='ocrx_word' id='word_1_177' title='bbox 501 1968 554 2025; x_wconf 90' lang='lat' dir='ltr'><strong>per</strong></span> <span class='ocrx_word' id='word_1_178' title='bbox 574 1946 692 2004; x_wconf 86' lang='lat' dir='ltr'><strong>emend.</strong></span> <span class='ocrx_word' id='word_1_179' title='bbox 714 1940 909 2019; x_wconf 79' lang='lat' dir='ltr'><strong>digrediens)&#39;</strong></span> <span class='ocrx_word' id='word_1_180' title='bbox 929 1957 1000 1994; x_wconf 90' lang='lat' dir='ltr'><strong>nam</strong></span> <span class='ocrx_word' id='word_1_181' title='bbox 1021 1939 1099 1996; x_wconf 89' lang='lat' dir='ltr'><strong>iuter</strong></span> <span class='ocrx_word' id='word_1_182' title='bbox 1118 1939 1246 2017; x_wconf 78' lang='lat' dir='ltr'><strong>virgulta</strong></span> <span class='ocrx_word' id='word_1_183' title='bbox 1265 1935 1436 2018; x_wconf 77' lang='lat' dir='ltr'><strong>jugurtham</strong></span> <span class='ocrx_word' id='word_1_184' title='bbox 1459 1940 1528 2017; x_wconf 83' lang='lat' dir='ltr'><strong>equi</strong></span> <span class='ocrx_word' id='word_1_185' title='bbox 1548 1938 1694 1998; x_wconf 82' lang='lat' dir='ltr'><strong>numidae-</strong></span> <span class='ocrx_word' id='word_1_186' title='bbox 1753 1987 1756 1990; x_wconf 92' lang='lat'>.</span> 
     </span>
     <span class='ocr_line' id='line_1_16' title="bbox 286 2031 1693 2124; baseline -0.001 -20"><span class='ocrx_word' id='word_1_187' title='bbox 286 2034 343 2124; x_wconf 83' lang='lat' dir='ltr'><strong>qne</strong></span> <span class='ocrx_word' id='word_1_188' title='bbox 363 2031 552 2106; x_wconf 78' lang='lat' dir='ltr'><strong>considerant</strong></span> <span class='ocrx_word' id='word_1_189' title='bbox 570 2077 590 2092; x_wconf 91' lang='lat'>-</span> <span class='ocrx_word' id='word_1_190' title='bbox 609 2045 749 2104; x_wconf 88' lang='lat' dir='ltr'><strong>occultati</strong></span> <span class='ocrx_word' id='word_1_191' title='bbox 769 2041 927 2102; x_wconf 80' lang='lat' dir='ltr'><strong>-dextero</strong></span> <span class='ocrx_word' id='word_1_192' title='bbox 947 2071 966 2088; x_wconf 89' lang='lat'><em>-</em></span> <span class='ocrx_word' id='word_1_193' title='bbox 987 2031 1035 2101; x_wconf 72' lang='lat' dir='ltr'><strong>bo.</strong></span> <span class='ocrx_word' id='word_1_194' title='bbox 1057 2043 1133 2100; x_wconf 88' lang='lat' dir='ltr'><strong>colle</strong></span> <span class='ocrx_word' id='word_1_195' title='bbox 1155 2040 1271 2121; x_wconf 79' lang='lat' dir='ltr'><strong>digredi</strong></span> <span class='ocrx_word' id='word_1_196' title='bbox 1290 2073 1307 2099; x_wconf 87' lang='lat'><strong>-.</strong></span> <span class='ocrx_word' id='word_1_197' title='bbox 1324 2040 1416 2100; x_wconf 87' lang='lat' dir='ltr'><strong>hostis</strong></span> <span class='ocrx_word' id='word_1_198' title='bbox 1435 2041 1539 2100; x_wconf 82' lang='lat' dir='ltr'><strong>crebro</strong></span> <span class='ocrx_word' id='word_1_199' title='bbox 1558 2076 1578 2091; x_wconf 93' lang='lat'>·</span> <span class='ocrx_word' id='word_1_200' title='bbox 1596 2055 1693 2103; x_wconf 84' lang='lat' dir='ltr'><strong>trans-</strong></span> 
     </span>
     <span class='ocr_line' id='line_1_17' title="bbox 285 2131 1692 2232; baseline -0.002 -22"><span class='ocrx_word' id='word_1_201' title='bbox 285 2151 377 2210; x_wconf 76' lang='lat' dir='ltr'><strong>vorsis</strong></span> <span class='ocrx_word' id='word_1_202' title='bbox 398 2183 415 2200; x_wconf 89' lang='lat'><strong>·</strong></span> <span class='ocrx_word' id='word_1_203' title='bbox 440 2159 655 2232; x_wconf 71' lang='lat' dir='ltr'><strong>pretergressos</strong></span> <span class='ocrx_word' id='word_1_204' title='bbox 674 2131 755 2210; x_wconf 82' lang='lat' dir='ltr'><strong>videt</strong></span> <span class='ocrx_word' id='word_1_205' title='bbox 774 2179 793 2196; x_wconf 88' lang='lat'><em>-</em></span> <span class='ocrx_word' id='word_1_206' title='bbox 814 2157 948 2207; x_wconf 83' lang='lat' dir='ltr'><strong>montem</strong></span> <span class='ocrx_word' id='word_1_207' title='bbox 969 2157 1095 2226; x_wconf 89' lang='lat' dir='ltr'><strong>occupat</strong></span> <span class='ocrx_word' id='word_1_208' title='bbox 1124 2146 1258 2227; x_wconf 89' lang='lat' dir='ltr'><strong>peditum</strong></span> <span class='ocrx_word' id='word_1_209' title='bbox 1279 2179 1298 2194; x_wconf 92' lang='lat'><em>-</em></span> <span class='ocrx_word' id='word_1_210' title='bbox 1324 2145 1405 2206; x_wconf 82' lang='lat' dir='ltr'><strong>obvii</strong></span> <span class='ocrx_word' id='word_1_211' title='bbox 1426 2146 1558 2208; x_wconf 77' lang='lat' dir='ltr'><strong>hostibus</strong></span> <span class='ocrx_word' id='word_1_212' title='bbox 1580 2151 1659 2208; x_wconf 85' lang='lat' dir='ltr'><strong>incre</strong></span> <span class='ocrx_word' id='word_1_213' title='bbox 1675 2183 1692 2196; x_wconf 89' lang='lat'><em>-</em></span> 
     </span>
     <span class='ocr_line' id='line_1_18' title="bbox 284 2249 1698 2333; baseline 0.001 -21"><span class='ocrx_word' id='word_1_214' title='bbox 284 2271 478 2314; x_wconf 88' lang='lat' dir='ltr'><strong>romanorum</strong></span> <span class='ocrx_word' id='word_1_215' title='bbox 499 2254 587 2314; x_wconf 88' lang='lat' dir='ltr'><strong>turba</strong></span> <span class='ocrx_word' id='word_1_216' title='bbox 605 2289 622 2302; x_wconf 91' lang='lat'><strong>··</strong></span> <span class='ocrx_word' id='word_1_217' title='bbox 648 2251 741 2314; x_wconf 82' lang='lat' dir='ltr'><strong>hos&#39;tis</strong></span> <span class='ocrx_word' id='word_1_218' title='bbox 762 2253 904 2314; x_wconf 84' lang='lat' dir='ltr'><strong>deterrere</strong></span> <span class='ocrx_word' id='word_1_219' title='bbox 924 2285 943 2301; x_wconf 93' lang='lat'>-</span> <span class='ocrx_word' id='word_1_220' title='bbox 973 2254 1071 2333; x_wconf 88' lang='lat' dir='ltr'><strong>campi</strong></span> <span class='ocrx_word' id='word_1_221' title='bbox 1092 2254 1209 2313; x_wconf 85' lang='lat' dir='ltr'><strong>fuerant</strong></span> <span class='ocrx_word' id='word_1_222' title='bbox 1228 2283 1246 2297; x_wconf 94' lang='lat'>·</span> <span class='ocrx_word' id='word_1_223' title='bbox 1276 2251 1324 2316; x_wconf 79' lang='lat'><strong>51.</strong></span> <span class='ocrx_word' id='word_1_224' title='bbox 1345 2249 1441 2311; x_wconf 88' lang='lat' dir='ltr'><strong>hostes</strong></span> <span class='ocrx_word' id='word_1_225' title='bbox 1463 2253 1538 2314; x_wconf 85' lang='lat' dir='ltr'><strong>cives</strong></span> <span class='ocrx_word' id='word_1_226' title='bbox 1558 2261 1579 2298; x_wconf 89' lang='grc'><strong>-’</strong></span> <span class='ocrx_word' id='word_1_227' title='bbox 1601 2273 1698 2314; x_wconf 69' lang='lat' dir='ltr'><strong>oraru</strong></span> 
     </span>
     <span class='ocr_line' id='line_1_19' title="bbox 285 2357 1690 2437; baseline -0.001 -17"><span class='ocrx_word' id='word_1_228' title='bbox 285 2367 316 2420; x_wconf 85' lang='lat' dir='ltr'><strong>ct</strong></span> <span class='ocrx_word' id='word_1_229' title='bbox 334 2358 450 2420; x_wconf 90' lang='lat' dir='ltr'><strong>hortari</strong></span> <span class='ocrx_word' id='word_1_230' title='bbox 469 2392 486 2408; x_wconf 87' lang='lat'>-</span> <span class='ocrx_word' id='word_1_231' title='bbox 503 2362 601 2421; x_wconf 87' lang='lat' dir='ltr'><strong>ullum</strong></span> <span class='ocrx_word' id='word_1_232' title='bbox 624 2361 844 2420; x_wconf 88' lang='lat' dir='ltr'><strong>munimentum</strong></span> <span class='ocrx_word' id='word_1_233' title='bbox 863 2392 881 2406; x_wconf 94' lang='lat'><em>-</em></span> <span class='ocrx_word' id='word_1_234' title='bbox 901 2379 970 2418; x_wconf 86' lang='lat' dir='ltr'><strong>cum</strong></span> <span class='ocrx_word' id='word_1_235' title='bbox 992 2358 1108 2418; x_wconf 90' lang='lat' dir='ltr'><strong>delictis</strong></span> <span class='ocrx_word' id='word_1_236' title='bbox 1129 2391 1149 2406; x_wconf 91' lang='lat'>-</span> <span class='ocrx_word' id='word_1_237' title='bbox 1170 2357 1219 2422; x_wconf 78' lang='lat'><strong>52.</strong></span> <span class='ocrx_word' id='word_1_238' title='bbox 1242 2358 1323 2416; x_wconf 90' lang='lat' dir='ltr'><strong>inter</strong></span> <span class='ocrx_word' id='word_1_239' title='bbox 1341 2377 1370 2416; x_wconf 83' lang='lat' dir='ltr'><strong>ss</strong></span> <span class='ocrx_word' id='word_1_240' title='bbox 1391 2359 1594 2437; x_wconf 83' lang='lat' dir='ltr'><strong>imperatores.</strong></span> <span class='ocrx_word' id='word_1_241' title='bbox 1614 2357 1690 2433; x_wconf 80' lang='lat' dir='ltr'><strong>(duo</strong></span> 
     </span>
    </p>
   </div>
   <div class='ocr_carea' id='block_1_6' title="bbox 283 2447 1897 2548">
    <p class='ocr_par' dir='ltr' id='par_1_7' title="bbox 283 2447 1897 2548">
     <span class='ocr_line' id='line_1_20' title="bbox 283 2447 1897 2548; baseline 0.002 -24"><span class='ocrx_word' id='word_1_242' title='bbox 283 2465 317 2524; x_wconf 90' lang='lat' dir='ltr'><strong>in</strong></span> <span class='ocrx_word' id='word_1_243' title='bbox 353 2464 504 2548; x_wconf 86' lang='lat' dir='ltr'><strong>margine)</strong></span> <span class='ocrx_word' id='word_1_244' title='bbox 536 2466 585 2526; x_wconf 87' lang='lat' dir='ltr'><strong>die</strong></span> <span class='ocrx_word' id='word_1_245' title='bbox 615 2471 716 2547; x_wconf 80' lang='lat' dir='ltr'><strong>vesper</strong></span> <span class='ocrx_word' id='word_1_246' title='bbox 742 2498 762 2514; x_wconf 89' lang='lat'><strong>··</strong></span> <span class='ocrx_word' id='word_1_247' title='bbox 800 2465 848 2529; x_wconf 81' lang='lat'><strong>53.</strong></span> <span class='ocrx_word' id='word_1_248' title='bbox 877 2466 953 2525; x_wconf 89' lang='lat' dir='ltr'><strong>sicut</strong></span> <span class='ocrx_word' id='word_1_249' title='bbox 982 2447 1206 2546; x_wconf 74' lang='lat' dir='ltr'><strong>imperabantur</strong></span> <span class='ocrx_word' id='word_1_250' title='bbox 1232 2491 1252 2512; x_wconf 91' lang='lat'><strong>-·</strong></span> <span class='ocrx_word' id='word_1_251' title='bbox 1278 2465 1491 2527; x_wconf 81' lang='lat' dir='ltr'><strong>circumvenire</strong></span> <span class='ocrx_word' id='word_1_252' title='bbox 1519 2494 1537 2512; x_wconf 91' lang='lat'>-</span> <span class='ocrx_word' id='word_1_253' title='bbox 1564 2461 1691 2526; x_wconf 86' lang='lat' dir='ltr'><strong>numero</strong></span> <span class='ocrx_word' id='word_1_254' title='bbox 1779 2519 1788 2524; x_wconf 88' lang='lat'><strong>-</strong></span> <span class='ocrx_word' id='word_1_255' title='bbox 1892 2521 1897 2528; x_wconf 91' lang='lat'><em>.</em></span> 
     </span>
    </p>
   </div>
   <div class='ocr_carea' id='block_1_7' title="bbox 252 2569 1797 3692">
    <p class='ocr_par' dir='ltr' id='par_1_8' title="bbox 252 2569 1797 3692">
     <span class='ocr_line' id='line_1_21' title="bbox 282 2569 1771 2655; baseline -0.001 -25"><span class='ocrx_word' id='word_1_256' title='bbox 282 2569 368 2630; x_wconf 84' lang='lat' dir='ltr'><strong>XXX</strong></span> <span class='ocrx_word' id='word_1_257' title='bbox 387 2602 403 2616; x_wconf 92' lang='lat'><em>·</em></span> <span class='ocrx_word' id='word_1_258' title='bbox 423 2575 498 2632; x_wconf 87' lang='lat' dir='ltr'><strong>alter</strong></span> <span class='ocrx_word' id='word_1_259' title='bbox 517 2571 599 2652; x_wconf 91' lang='lat' dir='ltr'><strong>apud</strong></span> <span class='ocrx_word' id='word_1_260' title='bbox 619 2576 744 2632; x_wconf 90' lang='lat' dir='ltr'><strong>alterum</strong></span> <span class='ocrx_word' id='word_1_261' title='bbox 765 2605 782 2619; x_wconf 92' lang='lat'><strong>··</strong></span> <span class='ocrx_word' id='word_1_262' title='bbox 801 2571 966 2631; x_wconf 88' lang='lat' dir='ltr'><strong>detrectant</strong></span> <span class='ocrx_word' id='word_1_263' title='bbox 985 2605 1001 2618; x_wconf 91' lang='lat'>-</span> <span class='ocrx_word' id='word_1_264' title='bbox 1022 2570 1190 2651; x_wconf 89' lang='lat' dir='ltr'><strong>quadriduo</strong></span> <span class='ocrx_word' id='word_1_265' title='bbox 1202 2605 1219 2618; x_wconf 94' lang='lat'>·</span> <span class='ocrx_word' id='word_1_266' title='bbox 1238 2571 1340 2631; x_wconf 84' lang='lat' dir='ltr'><strong>reiecit</strong></span> <span class='ocrx_word' id='word_1_267' title='bbox 1354 2604 1373 2619; x_wconf 93' lang='lat'><em>-</em></span> <span class='ocrx_word' id='word_1_268' title='bbox 1391 2572 1481 2630; x_wconf 86' lang='lat' dir='ltr'><strong>etiam</strong></span> <span class='ocrx_word' id='word_1_269' title='bbox 1503 2572 1578 2652; x_wconf 85' lang='lat' dir='ltr'><strong>regis</strong></span> <span class='ocrx_word' id='word_1_270' title='bbox 1598 2581 1691 2655; x_wconf 85' lang='lat' dir='ltr'><strong>tum-</strong></span> <span class='ocrx_word' id='word_1_271' title='bbox 1763 2585 1771 2592; x_wconf 72' lang='grc'><strong>“</strong></span> 
     </span>
     <span class='ocr_line' id='line_1_22' title="bbox 281 2676 1692 2757; baseline -0.001 -23"><span class='ocrx_word' id='word_1_272' title='bbox 281 2676 439 2736; x_wconf 85' lang='lat' dir='ltr'><strong>inimicum</strong></span> <span class='ocrx_word' id='word_1_273' title='bbox 461 2688 532 2738; x_wconf 88' lang='lat' dir='ltr'><strong>cert.</strong></span> <span class='ocrx_word' id='word_1_274' title='bbox 552 2708 571 2725; x_wconf 92' lang='lat'><em>-</em></span> <span class='ocrx_word' id='word_1_275' title='bbox 590 2699 653 2737; x_wconf 92' lang='lat' dir='ltr'><strong>non</strong></span> <span class='ocrx_word' id='word_1_276' title='bbox 673 2679 736 2738; x_wconf 90' lang='lat' dir='ltr'><strong>acie</strong></span> <span class='ocrx_word' id='word_1_277' title='bbox 756 2677 827 2736; x_wconf 92' lang='lat' dir='ltr'><strong>-in</strong></span> <span class='ocrx_word' id='word_1_278' title='bbox 848 2679 915 2736; x_wconf 89' lang='lat' dir='ltr'><strong>loca</strong></span> <span class='ocrx_word' id='word_1_279' title='bbox 935 2676 1077 2736; x_wconf 77' lang='lat' dir='ltr'><strong>nmnid&#39;ra</strong></span> <span class='ocrx_word' id='word_1_280' title='bbox 1097 2678 1324 2757; x_wconf 84' lang='lat' dir='ltr'><strong>opulentissima</strong></span> <span class='ocrx_word' id='word_1_281' title='bbox 1342 2708 1361 2723; x_wconf 89' lang='lat'><em>-</em></span> <span class='ocrx_word' id='word_1_282' title='bbox 1381 2683 1466 2754; x_wconf 86' lang='lat' dir='ltr'><strong>cujus</strong></span> <span class='ocrx_word' id='word_1_283' title='bbox 1484 2695 1548 2753; x_wconf 88' lang='lat' dir='ltr'><strong>spes</strong></span> <span class='ocrx_word' id='word_1_284' title='bbox 1568 2676 1692 2733; x_wconf 87' lang='lat' dir='ltr'><strong>omnis-</strong></span> 
     </span>
     <span class='ocr_line' id='line_1_23' title="bbox 282 2776 1691 2862; baseline -0.001 -24"><span class='ocrx_word' id='word_1_285' title='bbox 282 2798 316 2838; x_wconf 84' lang='lat' dir='ltr'><strong>ex</strong></span> <span class='ocrx_word' id='word_1_286' title='bbox 335 2781 440 2862; x_wconf 88' lang='lat' dir='ltr'><strong>inopia</strong></span> <span class='ocrx_word' id='word_1_287' title='bbox 452 2815 469 2828; x_wconf 94' lang='lat'><strong>·</strong></span> <span class='ocrx_word' id='word_1_288' title='bbox 489 2783 538 2843; x_wconf 80' lang='lat'><strong>55.</strong></span> <span class='ocrx_word' id='word_1_289' title='bbox 561 2794 659 2842; x_wconf 87' lang='lat' dir='ltr'><strong>tamen</strong></span> <span class='ocrx_word' id='word_1_290' title='bbox 679 2787 777 2843; x_wconf 77' lang='lat' dir='ltr'><strong>uictor</strong></span> <span class='ocrx_word' id='word_1_291' title='bbox 797 2783 899 2841; x_wconf 87' lang='lat' dir='ltr'><strong>suisset</strong></span> <span class='ocrx_word' id='word_1_292' title='bbox 918 2779 1170 2849; x_wconf 54' lang='lat' dir='ltr'><strong>insitiuum·</strong></span> <span class='ocrx_word' id='word_1_293' title='bbox 1181 2779 1277 2835; x_wconf 80' lang='lat' dir='ltr'><strong>albini</strong></span> <span class='ocrx_word' id='word_1_294' title='bbox 1295 2776 1431 2836; x_wconf 80' lang='lat' dir='ltr'><strong>socordia</strong></span> <span class='ocrx_word' id='word_1_295' title='bbox 1443 2807 1462 2822; x_wconf 93' lang='lat'>-</span> <span class='ocrx_word' id='word_1_296' title='bbox 1477 2780 1585 2836; x_wconf 87' lang='lat' dir='ltr'><strong>clarior</strong></span> <span class='ocrx_word' id='word_1_297' title='bbox 1605 2791 1691 2838; x_wconf 88' lang='lat' dir='ltr'><strong>crat-</strong></span> 
     </span>
     <span class='ocr_line' id='line_1_24' title="bbox 283 2873 1689 2964; baseline -0.006 -21"><span class='ocrx_word' id='word_1_298' title='bbox 283 2901 406 2964; x_wconf 86' lang='lat' dir='ltr'><strong>quarnm</strong></span> <span class='ocrx_word' id='word_1_299' title='bbox 427 2889 581 2962; x_wconf 86' lang='lat' dir='ltr'><strong>penuria-</strong></span> <span class='ocrx_word' id='word_1_300' title='bbox 604 2887 652 2944; x_wconf 81' lang='grc'><strong>66.</strong></span> <span class='ocrx_word' id='word_1_301' title='bbox 671 2883 779 2940; x_wconf 89' lang='lat' dir='ltr'><strong>siccam</strong></span> <span class='ocrx_word' id='word_1_302' title='bbox 802 2915 815 2929; x_wconf 91' lang='lat'>-</span> <span class='ocrx_word' id='word_1_303' title='bbox 834 2888 991 2956; x_wconf 83' lang='lat' dir='ltr'><strong>urguent·</strong></span> <span class='ocrx_word' id='word_1_304' title='bbox 1011 2877 1061 2952; x_wconf 77' lang='lat'><strong>⁵7.</strong></span> <span class='ocrx_word' id='word_1_305' title='bbox 1083 2878 1174 2933; x_wconf 90' lang='lat' dir='ltr'><strong>situm</strong></span> <span class='ocrx_word' id='word_1_306' title='bbox 1195 2883 1257 2932; x_wconf 85' lang='lat' dir='ltr'><strong>erat</strong></span> <span class='ocrx_word' id='word_1_307' title='bbox 1275 2907 1288 2921; x_wconf 93' lang='lat'><strong>·</strong></span> <span class='ocrx_word' id='word_1_308' title='bbox 1307 2873 1459 2934; x_wconf 84' lang='lat' dir='ltr'><strong>munitum</strong></span> <span class='ocrx_word' id='word_1_309' title='bbox 1481 2888 1543 2936; x_wconf 86' lang='lat' dir='ltr'><strong>erat</strong></span> <span class='ocrx_word' id='word_1_310' title='bbox 1562 2912 1578 2926; x_wconf 88' lang='lat'><em>-</em></span> <span class='ocrx_word' id='word_1_311' title='bbox 1597 2881 1689 2940; x_wconf 83' lang='lat' dir='ltr'><strong>undi-</strong></span> 
     </span>
     <span class='ocr_line' id='line_1_25' title="bbox 252 2975 1690 3069; baseline 0.01 -36"><span class='ocrx_word' id='word_1_312' title='bbox 252 3007 339 3069; x_wconf 35' lang='lat' dir='ltr'><strong>‘que</strong></span> <span class='ocrx_word' id='word_1_313' title='bbox 366 2991 480 3048; x_wconf 63' lang='lat' dir='ltr'><strong>clamor</strong></span> <span class='ocrx_word' id='word_1_314' title='bbox 505 2987 595 3043; x_wconf 69' lang='lat' dir='ltr'><strong>simul</strong></span> <span class='ocrx_word' id='word_1_315' title='bbox 623 3012 642 3033; x_wconf 78' lang='grc'>-</span> <span class='ocrx_word' id='word_1_316' title='bbox 672 2983 725 3040; x_wconf 88' lang='lat' dir='ltr'><strong>alii</strong></span> <span class='ocrx_word' id='word_1_317' title='bbox 752 2978 873 3042; x_wconf 82' lang='lat' dir='ltr'><strong>evadere</strong></span> <span class='ocrx_word' id='word_1_318' title='bbox 901 2988 954 3036; x_wconf 89' lang='lat' dir='ltr'><strong>aut</strong></span> <span class='ocrx_word' id='word_1_319' title='bbox 981 2994 1102 3035; x_wconf 89' lang='lat' dir='ltr'><strong>murum</strong></span> <span class='ocrx_word' id='word_1_320' title='bbox 1131 2975 1223 3035; x_wconf 90' lang='lat' dir='ltr'><strong>modo</strong></span> <span class='ocrx_word' id='word_1_321' title='bbox 1242 3007 1261 3023; x_wconf 92' lang='lat'>·</span> <span class='ocrx_word' id='word_1_322' title='bbox 1288 2978 1340 3057; x_wconf 89' lang='lat' dir='ltr'><strong>qui</strong></span> <span class='ocrx_word' id='word_1_323' title='bbox 1360 2981 1466 3058; x_wconf 86' lang='lat' dir='ltr'><strong>procul</strong></span> <span class='ocrx_word' id='word_1_324' title='bbox 1486 2993 1570 3041; x_wconf 87' lang='lat' dir='ltr'><strong>erant</strong></span> <span class='ocrx_word' id='word_1_325' title='bbox 1588 3015 1607 3030; x_wconf 92' lang='lat'><em>-</em></span> <span class='ocrx_word' id='word_1_326' title='bbox 1638 2985 1690 3048; x_wconf 78' lang='lat'><strong>58.</strong></span> 
     </span>
     <span class='ocr_line' id='line_1_26' title="bbox 280 3079 1688 3170; baseline -0.008 -21"><span class='ocrx_word' id='word_1_327' title='bbox 280 3093 386 3170; x_wconf 84' lang='lat' dir='ltr'><strong>proelia</strong></span> <span class='ocrx_word' id='word_1_328' title='bbox 406 3107 516 3166; x_wconf 81' lang='lat' dir='ltr'><strong>exspes.</strong></span> <span class='ocrx_word' id='word_1_329' title='bbox 536 3084 731 3143; x_wconf 86' lang='lat' dir='ltr'><strong>·&#39;ediciorem</strong></span> <span class='ocrx_word' id='word_1_330' title='bbox 753 3113 771 3130; x_wconf 94' lang='lat'>-</span> <span class='ocrx_word' id='word_1_331' title='bbox 798 3085 958 3141; x_wconf 87' lang='lat' dir='ltr'><strong>clamorem</strong></span> <span class='ocrx_word' id='word_1_332' title='bbox 979 3083 1027 3143; x_wconf 83' lang='lat' dir='ltr'><strong>vel</strong></span> <span class='ocrx_word' id='word_1_333' title='bbox 1047 3085 1212 3140; x_wconf 88' lang='lat' dir='ltr'><strong>tumultum</strong></span> <span class='ocrx_word' id='word_1_334' title='bbox 1233 3079 1372 3142; x_wconf 88' lang='lat' dir='ltr'><strong>hostilem</strong></span> <span class='ocrx_word' id='word_1_335' title='bbox 1392 3115 1411 3131; x_wconf 94' lang='lat'>-</span> <span class='ocrx_word' id='word_1_336' title='bbox 1430 3103 1468 3144; x_wconf 90' lang='lat' dir='ltr'><strong>ne</strong></span> <span class='ocrx_word' id='word_1_337' title='bbox 1488 3090 1534 3148; x_wconf 83' lang='lat' dir='ltr'><strong>vel</strong></span> <span class='ocrx_word' id='word_1_338' title='bbox 1554 3086 1652 3149; x_wconf 90' lang='lat' dir='ltr'><strong>hostes</strong></span> <span class='ocrx_word' id='word_1_339' title='bbox 1669 3123 1688 3138; x_wconf 89' lang='lat'><em>.</em></span> 
     </span>
     <span class='ocr_line' id='line_1_27' title="bbox 283 3184 1688 3274; baseline 0.003 -24"><span class='ocrx_word' id='word_1_340' title='bbox 283 3190 334 3271; x_wconf 82' lang='lat'><strong>⁵9·</strong></span> <span class='ocrx_word' id='word_1_341' title='bbox 354 3189 466 3250; x_wconf 57' lang='lat' dir='ltr'><strong>&amp;versi</strong></span> <span class='ocrx_word' id='word_1_342' title='bbox 487 3187 572 3266; x_wconf 88' lang='lat' dir='ltr'><strong>sequi</strong></span> <span class='ocrx_word' id='word_1_343' title='bbox 592 3205 767 3246; x_wconf 85' lang='lat' dir='ltr'><strong>concurrere</strong></span> <span class='ocrx_word' id='word_1_344' title='bbox 795 3217 812 3230; x_wconf 94' lang='lat'>·</span> <span class='ocrx_word' id='word_1_345' title='bbox 842 3187 892 3250; x_wconf 90' lang='lat'><strong>60.</strong></span> <span class='ocrx_word' id='word_1_346' title='bbox 914 3205 959 3246; x_wconf 88' lang='lat' dir='ltr'><strong>res</strong></span> <span class='ocrx_word' id='word_1_347' title='bbox 979 3184 1126 3269; x_wconf 84' lang='lat' dir='ltr'><strong>jugurthae</strong></span> <span class='ocrx_word' id='word_1_348' title='bbox 1153 3217 1172 3233; x_wconf 95' lang='lat'><em>-</em></span> <span class='ocrx_word' id='word_1_349' title='bbox 1201 3187 1370 3267; x_wconf 83' lang='lat' dir='ltr'><strong>siguificare</strong></span> <span class='ocrx_word' id='word_1_350' title='bbox 1397 3192 1456 3250; x_wconf 92' lang='lat' dir='ltr'><strong>niti</strong></span> <span class='ocrx_word' id='word_1_351' title='bbox 1476 3194 1651 3274; x_wconf 88' lang='lat' dir='ltr'><strong>corporibus</strong></span> <span class='ocrx_word' id='word_1_352' title='bbox 1672 3229 1688 3242; x_wconf 91' lang='lat'>-</span> 
     </span>
     <span class='ocr_line' id='line_1_28' title="bbox 283 3291 1685 3388; baseline 0.006 -35"><span class='ocrx_word' id='word_1_353' title='bbox 283 3292 372 3354; x_wconf 84' lang='lat' dir='ltr'><strong>ctiam</strong></span> <span class='ocrx_word' id='word_1_354' title='bbox 392 3293 476 3388; x_wconf 87' lang='lat' dir='ltr'><strong>scalis</strong></span> <span class='ocrx_word' id='word_1_355' title='bbox 497 3292 623 3373; x_wconf 81' lang='lat' dir='ltr'><strong>aggressi</strong></span> <span class='ocrx_word' id='word_1_356' title='bbox 643 3323 662 3338; x_wconf 89' lang='lat'>-</span> <span class='ocrx_word' id='word_1_357' title='bbox 692 3291 762 3350; x_wconf 89' lang='lat' dir='ltr'><strong>dein</strong></span> <span class='ocrx_word' id='word_1_358' title='bbox 782 3291 934 3370; x_wconf 86' lang='lat' dir='ltr'><strong>utrimque</strong></span> <span class='ocrx_word' id='word_1_359' title='bbox 953 3323 973 3340; x_wconf 89' lang='lat'><em>-</em></span> <span class='ocrx_word' id='word_1_360' title='bbox 1005 3293 1055 3352; x_wconf 79' lang='lat'><strong>61.</strong></span> <span class='ocrx_word' id='word_1_361' title='bbox 1076 3313 1172 3372; x_wconf 83' lang='lat' dir='ltr'><strong>nequa</strong></span> <span class='ocrx_word' id='word_1_362' title='bbox 1191 3291 1364 3374; x_wconf 81' lang='lat' dir='ltr'><strong>jugurtham</strong></span> <span class='ocrx_word' id='word_1_363' title='bbox 1393 3294 1472 3375; x_wconf 89' lang='lat' dir='ltr'><strong>(sup.</strong></span> <span class='ocrx_word' id='word_1_364' title='bbox 1493 3299 1548 3360; x_wconf 90' lang='lat' dir='ltr'><strong>liu.</strong></span> <span class='ocrx_word' id='word_1_365' title='bbox 1570 3299 1685 3383; x_wconf 81' lang='lat' dir='ltr'><strong>alique)</strong></span> 
     </span>
     <span class='ocr_line' id='line_1_29' title="bbox 283 3395 1797 3482; baseline 0.005 -23"><span class='ocrx_word' id='word_1_366' title='bbox 283 3397 342 3459; x_wconf 80' lang='lat' dir='ltr'><strong>ru&#39;ti</strong></span> <span class='ocrx_word' id='word_1_367' title='bbox 362 3419 396 3458; x_wconf 85' lang='lat' dir='ltr'><strong>ex</strong></span> <span class='ocrx_word' id='word_1_368' title='bbox 415 3395 533 3458; x_wconf 87' lang='lat' dir='ltr'><strong>insidiis</strong></span> <span class='ocrx_word' id='word_1_369' title='bbox 555 3405 607 3456; x_wconf 89' lang='lat' dir='ltr'><strong>ant</strong></span> <span class='ocrx_word' id='word_1_370' title='bbox 628 3416 682 3456; x_wconf 91' lang='lat' dir='ltr'><strong>suo</strong></span> <span class='ocrx_word' id='word_1_371' title='bbox 705 3400 770 3455; x_wconf 91' lang='lat' dir='ltr'><strong>loco</strong></span> <span class='ocrx_word' id='word_1_372' title='bbox 792 3395 866 3476; x_wconf 82' lang='lat' dir='ltr'><strong>(nec</strong></span> <span class='ocrx_word' id='word_1_373' title='bbox 883 3417 951 3476; x_wconf 89' lang='lat' dir='ltr'><strong>sup.</strong></span> <span class='ocrx_word' id='word_1_374' title='bbox 975 3396 1045 3476; x_wconf 91' lang='lat' dir='ltr'><strong>lin.)</strong></span> <span class='ocrx_word' id='word_1_375' title='bbox 1066 3429 1085 3444; x_wconf 94' lang='lat'><em>-</em></span> <span class='ocrx_word' id='word_1_376' title='bbox 1114 3399 1147 3456; x_wconf 89' lang='lat' dir='ltr'><strong>iu</strong></span> <span class='ocrx_word' id='word_1_377' title='bbox 1167 3399 1353 3478; x_wconf 76' lang='lat' dir='ltr'><strong>provinciana</strong></span> <span class='ocrx_word' id='word_1_378' title='bbox 1383 3419 1448 3479; x_wconf 77' lang='lat' dir='ltr'><strong>qua</strong></span> <span class='ocrx_word' id='word_1_379' title='bbox 1478 3405 1612 3482; x_wconf 80' lang='lat' dir='ltr'><strong>proxima</strong></span> <span class='ocrx_word' id='word_1_380' title='bbox 1642 3418 1687 3466; x_wconf 86' lang='lat' dir='ltr'><strong>est</strong></span> <span class='ocrx_word' id='word_1_381' title='bbox 1793 3399 1797 3406; x_wconf 55' lang='grc'><strong>“</strong></span> 
     </span>
     <span class='ocr_line' id='line_1_30' title="bbox 282 3489 1685 3586; baseline -0.002 -22"><span class='ocrx_word' id='word_1_382' title='bbox 282 3503 462 3564; x_wconf 76' lang='lat' dir='ltr'><strong>numidiae&#39;-</strong></span> <span class='ocrx_word' id='word_1_383' title='bbox 490 3523 557 3562; x_wconf 91' lang='lat' dir='ltr'><strong>cum</strong></span> <span class='ocrx_word' id='word_1_384' title='bbox 579 3501 722 3586; x_wconf 87' lang='lat' dir='ltr'><strong>jugurtha</strong></span> <span class='ocrx_word' id='word_1_385' title='bbox 742 3512 804 3562; x_wconf 89' lang='lat' dir='ltr'><strong>erat</strong></span> <span class='ocrx_word' id='word_1_386' title='bbox 823 3535 840 3549; x_wconf 90' lang='lat'>-</span> <span class='ocrx_word' id='word_1_387' title='bbox 871 3489 1021 3564; x_wconf 80' lang='lat' dir='ltr'><strong>metuente</strong></span> <span class='ocrx_word' id='word_1_388' title='bbox 1041 3504 1065 3561; x_wconf 86' lang='lat' dir='ltr'><strong>si</strong></span> <span class='ocrx_word' id='word_1_389' title='bbox 1085 3523 1152 3584; x_wconf 84' lang='lat' dir='ltr'><strong>pax.</strong></span> <span class='ocrx_word' id='word_1_390' title='bbox 1183 3533 1202 3550; x_wconf 89' lang='lat'><strong>·</strong></span> <span class='ocrx_word' id='word_1_391' title='bbox 1231 3504 1281 3568; x_wconf 84' lang='lat'><strong>62.</strong></span> <span class='ocrx_word' id='word_1_392' title='bbox 1314 3505 1455 3569; x_wconf 85' lang='lat' dir='ltr'><strong>omnibns</strong></span> <span class='ocrx_word' id='word_1_393' title='bbox 1482 3527 1544 3567; x_wconf 83' lang='lat' dir='ltr'><strong>sesa</strong></span> <span class='ocrx_word' id='word_1_394' title='bbox 1572 3509 1685 3585; x_wconf 73' lang='lat' dir='ltr'><strong>proelii.</strong></span> 
     </span>
     <span class='ocr_line' id='line_1_31' title="bbox 282 3607 1684 3692; baseline 0.001 -20"><span class='ocrx_word' id='word_1_395' title='bbox 282 3611 375 3673; x_wconf 84' lang='lat' dir='ltr'><strong>victos</strong></span> <span class='ocrx_word' id='word_1_396' title='bbox 400 3643 417 3655; x_wconf 95' lang='lat'>-</span> <span class='ocrx_word' id='word_1_397' title='bbox 444 3609 476 3667; x_wconf 90' lang='lat' dir='ltr'><strong>iu</strong></span> <span class='ocrx_word' id='word_1_398' title='bbox 506 3610 587 3667; x_wconf 88' lang='lat' dir='ltr'><strong>illius</strong></span> <span class='ocrx_word' id='word_1_399' title='bbox 613 3609 703 3671; x_wconf 81' lang='lat' dir='ltr'><strong>fidem</strong></span> <span class='ocrx_word' id='word_1_400' title='bbox 734 3609 860 3669; x_wconf 75' lang='lat' dir='ltr'><strong>nudaret</strong></span> <span class='ocrx_word' id='word_1_401' title='bbox 884 3640 903 3656; x_wconf 89' lang='lat'>-</span> <span class='ocrx_word' id='word_1_402' title='bbox 931 3629 966 3669; x_wconf 85' lang='lat' dir='ltr'><strong>ex</strong></span> <span class='ocrx_word' id='word_1_403' title='bbox 994 3607 1130 3670; x_wconf 84' lang='lat' dir='ltr'><strong>hiberius</strong></span> <span class='ocrx_word' id='word_1_404' title='bbox 1157 3611 1268 3671; x_wconf 79' lang='lat' dir='ltr'><strong>accersi</strong></span> <span class='ocrx_word' id='word_1_405' title='bbox 1286 3643 1303 3656; x_wconf 92' lang='lat'><strong>··</strong></span> <span class='ocrx_word' id='word_1_406' title='bbox 1328 3631 1362 3669; x_wconf 85' lang='lat' dir='ltr'><strong>ex</strong></span> <span class='ocrx_word' id='word_1_407' title='bbox 1382 3612 1508 3692; x_wconf 86' lang='lat' dir='ltr'><strong>consilio</strong></span> <span class='ocrx_word' id='word_1_408' title='bbox 1527 3612 1646 3674; x_wconf 85' lang='lat' dir='ltr'><strong>decreto</strong></span> <span class='ocrx_word' id='word_1_409' title='bbox 1667 3647 1684 3662; x_wconf 93' lang='lat'><em>-</em></span> 
     </span>
    </p>
   </div>
   <div class='ocr_carea' id='block_1_8' title="bbox 282 3707 1801 3904">
    <p class='ocr_par' dir='ltr' id='par_1_9' title="bbox 282 3707 1801 3904">
     <span class='ocr_line' id='line_1_32' title="bbox 282 3707 1800 3800; baseline 0.004 -25"><span class='ocrx_word' id='word_1_410' title='bbox 282 3716 423 3776; x_wconf 79' lang='lat' dir='ltr'><strong>elefantus</strong></span> <span class='ocrx_word' id='word_1_411' title='bbox 444 3733 547 3774; x_wconf 84' lang='lat' dir='ltr'><strong>omnes</strong></span> <span class='ocrx_word' id='word_1_412' title='bbox 567 3725 669 3775; x_wconf 88' lang='lat' dir='ltr'><strong>-tum</strong></span> <span class='ocrx_word' id='word_1_413' title='bbox 691 3714 813 3796; x_wconf 82' lang='lat' dir='ltr'><strong>ipsead</strong></span> <span class='ocrx_word' id='word_1_414' title='bbox 833 3715 1147 3794; x_wconf 75' lang='lat' dir='ltr'><strong>imp-adversarum</strong></span> <span class='ocrx_word' id='word_1_415' title='bbox 1168 3735 1266 3775; x_wconf 88' lang='lat' dir='ltr'><strong>rernm</strong></span> <span class='ocrx_word' id='word_1_416' title='bbox 1284 3748 1303 3763; x_wconf 92' lang='lat'><em>-</em></span> <span class='ocrx_word' id='word_1_417' title='bbox 1323 3715 1373 3800; x_wconf 75' lang='grc'><strong>66.</strong></span> <span class='ocrx_word' id='word_1_418' title='bbox 1391 3717 1481 3778; x_wconf 79' lang='lat' dir='ltr'><strong>iratus</strong></span> <span class='ocrx_word' id='word_1_419' title='bbox 1500 3716 1558 3778; x_wconf 85' lang='lat' dir='ltr'><strong>diis</strong></span> <span class='ocrx_word' id='word_1_420' title='bbox 1576 3739 1685 3800; x_wconf 79' lang='lat' dir='ltr'><strong>agere-</strong></span> <span class='ocrx_word' id='word_1_421' title='bbox 1721 3709 1723 3714; x_wconf 55' lang='grc'>’</span> <span class='ocrx_word' id='word_1_422' title='bbox 1788 3707 1800 3718; x_wconf 54' lang='grc'><em>’</em></span> 
     </span>
     <span class='ocr_line' id='line_1_33' title="bbox 282 3811 1801 3904; baseline 0.003 -23"><span class='ocrx_word' id='word_1_423' title='bbox 282 3822 450 3881; x_wconf 80' lang='lat' dir='ltr'><strong>consolatus</strong></span> <span class='ocrx_word' id='word_1_424' title='bbox 471 3820 574 3900; x_wconf 85' lang='lat' dir='ltr'><strong>ingens</strong></span> <span class='ocrx_word' id='word_1_425' title='bbox 598 3850 616 3867; x_wconf 93' lang='lat'>·</span> <span class='ocrx_word' id='word_1_426' title='bbox 644 3840 681 3879; x_wconf 89' lang='lat' dir='ltr'><strong>eo</strong></span> <span class='ocrx_word' id='word_1_427' title='bbox 701 3811 792 3880; x_wconf 90' lang='lat' dir='ltr'><strong>modo</strong></span> <span class='ocrx_word' id='word_1_428' title='bbox 812 3821 943 3902; x_wconf 76' lang='lat' dir='ltr'><strong>agitabat</strong></span> <span class='ocrx_word' id='word_1_429' title='bbox 963 3853 977 3866; x_wconf 93' lang='lat'><strong>·</strong></span> <span class='ocrx_word' id='word_1_430' title='bbox 996 3821 1107 3882; x_wconf 88' lang='lat' dir='ltr'><strong>Tamen</strong></span> <span class='ocrx_word' id='word_1_431' title='bbox 1129 3823 1153 3882; x_wconf 88' lang='lat' dir='ltr'><strong>is</strong></span> <span class='ocrx_word' id='word_1_432' title='bbox 1174 3823 1212 3881; x_wconf 89' lang='lat' dir='ltr'><strong>ad</strong></span> <span class='ocrx_word' id='word_1_433' title='bbox 1233 3823 1264 3882; x_wconf 87' lang='lat' dir='ltr'><strong>id</strong></span> <span class='ocrx_word' id='word_1_434' title='bbox 1285 3827 1420 3882; x_wconf 81' lang='lat' dir='ltr'><strong>locorum</strong></span> <span class='ocrx_word' id='word_1_435' title='bbox 1442 3825 1508 3883; x_wconf 87' lang='lat' dir='ltr'><strong>talis</strong></span> <span class='ocrx_word' id='word_1_436' title='bbox 1528 3825 1590 3899; x_wconf 82' lang='lat' dir='ltr'><strong>tir,</strong></span> <span class='ocrx_word' id='word_1_437' title='bbox 1611 3845 1683 3886; x_wconf 90' lang='lat' dir='ltr'><strong>nam</strong></span> <span class='ocrx_word' id='word_1_438' title='bbox 1793 3899 1801 3904; x_wconf 24' lang='grc' dir='ltr'><em>α</em></span> 
     </span>
    </p>
   </div>
   <div class='ocr_carea' id='block_1_9' title="bbox 281 3910 1683 4431">
    <p class='ocr_par' dir='ltr' id='par_1_10' title="bbox 281 3910 1683 4431">
     <span class='ocr_line' id='line_1_34' title="bbox 281 3910 1683 4009; baseline 0.005 -25"><span class='ocrx_word' id='word_1_439' title='bbox 281 3933 383 4006; x_wconf 80' lang='lat' dir='ltr'><strong>postea</strong></span> <span class='ocrx_word' id='word_1_440' title='bbox 403 3924 570 3984; x_wconf 89' lang='lat' dir='ltr'><strong>ambicione</strong></span> <span class='ocrx_word' id='word_1_441' title='bbox 590 3945 718 4005; x_wconf 71' lang='lat' dir='ltr'><strong>preceps</strong></span> <span class='ocrx_word' id='word_1_442' title='bbox 737 3926 822 3986; x_wconf 86' lang='lat' dir='ltr'><strong>datus</strong></span> <span class='ocrx_word' id='word_1_443' title='bbox 843 3935 900 4000; x_wconf 79' lang='lat' dir='ltr'><strong>est,</strong></span> <span class='ocrx_word' id='word_1_444' title='bbox 931 3930 1022 3986; x_wconf 87' lang='lat' dir='ltr'><strong>etiam</strong></span> <span class='ocrx_word' id='word_1_445' title='bbox 1051 3937 1116 3986; x_wconf 89' lang='lat' dir='ltr'><strong>tum</strong></span> <span class='ocrx_word' id='word_1_446' title='bbox 1139 3919 1420 4009; x_wconf 79' lang='lat' dir='ltr'><strong>alios·magistratus</strong></span> <span class='ocrx_word' id='word_1_447' title='bbox 1440 3926 1544 4009; x_wconf 79' lang='lat' dir='ltr'><strong>plebs,</strong></span> <span class='ocrx_word' id='word_1_448' title='bbox 1575 3910 1683 3991; x_wconf 71' lang='lat' dir='ltr'><strong>conso·</strong></span> 
     </span>
     <span class='ocr_line' id='line_1_35' title="bbox 282 4029 1683 4116; baseline 0.004 -26"><span class='ocrx_word' id='word_1_449' title='bbox 282 4031 378 4091; x_wconf 89' lang='lat' dir='ltr'><strong>latum</strong></span> <span class='ocrx_word' id='word_1_450' title='bbox 402 4029 542 4090; x_wconf 90' lang='lat' dir='ltr'><strong>nobilitas</strong></span> <span class='ocrx_word' id='word_1_451' title='bbox 563 4031 640 4090; x_wconf 86' lang='lat' dir='ltr'><strong>inter</strong></span> <span class='ocrx_word' id='word_1_452' title='bbox 661 4051 691 4090; x_wconf 86' lang='lat' dir='ltr'><strong>se</strong></span> <span class='ocrx_word' id='word_1_453' title='bbox 713 4029 870 4112; x_wconf 86' lang='lat' dir='ltr'><strong>appetebat</strong></span> <span class='ocrx_word' id='word_1_454' title='bbox 892 4029 944 4110; x_wconf 80' lang='lat' dir='ltr'><strong>(se</strong></span> <span class='ocrx_word' id='word_1_455' title='bbox 963 4043 1029 4110; x_wconf 70' lang='lat' dir='ltr'><strong>supi</strong></span> <span class='ocrx_word' id='word_1_456' title='bbox 1050 4033 1126 4112; x_wconf 90' lang='lat' dir='ltr'><strong>lin.)</strong></span> <span class='ocrx_word' id='word_1_457' title='bbox 1147 4053 1209 4092; x_wconf 88' lang='lat' dir='ltr'><strong>non</strong></span> <span class='ocrx_word' id='word_1_458' title='bbox 1231 4033 1378 4108; x_wconf 82' lang='lat' dir='ltr'><strong>audebat,</strong></span> <span class='ocrx_word' id='word_1_459' title='bbox 1408 4054 1462 4116; x_wconf 87' lang='lat' dir='ltr'><strong>per</strong></span> <span class='ocrx_word' id='word_1_460' title='bbox 1490 4055 1595 4098; x_wconf 84' lang='lat' dir='ltr'><strong>manus</strong></span> <span class='ocrx_word' id='word_1_461' title='bbox 1623 4047 1683 4097; x_wconf 77' lang='lat' dir='ltr'><strong>tra-</strong></span> 
     </span>
     <span class='ocr_line' id='line_1_36' title="bbox 282 4111 1681 4225; baseline 0.004 -33"><span class='ocrx_word' id='word_1_462' title='bbox 282 4133 371 4195; x_wconf 86' lang='lat' dir='ltr'><strong>debat</strong></span> <span class='ocrx_word' id='word_1_463' title='bbox 389 4167 408 4182; x_wconf 89' lang='lat'>·</span> <span class='ocrx_word' id='word_1_464' title='bbox 427 4155 522 4199; x_wconf 81' lang='lat' dir='ltr'><strong>novus</strong></span> <span class='ocrx_word' id='word_1_465' title='bbox 541 4153 630 4195; x_wconf 91' lang='lat' dir='ltr'><strong>nemo</strong></span> <span class='ocrx_word' id='word_1_466' title='bbox 649 4165 665 4179; x_wconf 90' lang='lat'><em>·</em></span> <span class='ocrx_word' id='word_1_467' title='bbox 699 4136 748 4208; x_wconf 79' lang='grc'><strong>64.</strong></span> <span class='ocrx_word' id='word_1_468' title='bbox 769 4135 952 4216; x_wconf 26' lang='grc' dir='ltr'><strong>υἱιίκωιιὶιιι</strong></span> <span class='ocrx_word' id='word_1_469' title='bbox 974 4158 1041 4225; x_wconf 82' lang='lat' dir='ltr'><strong>curn</strong></span> <span class='ocrx_word' id='word_1_470' title='bbox 1062 4135 1225 4219; x_wconf 81' lang='lat' dir='ltr'><strong>haruspicis</strong></span> <span class='ocrx_word' id='word_1_471' title='bbox 1246 4111 1326 4199; x_wconf 86' lang='lat' dir='ltr'><strong>dicta</strong></span> <span class='ocrx_word' id='word_1_472' title='bbox 1345 4173 1363 4186; x_wconf 92' lang='lat'>-</span> <span class='ocrx_word' id='word_1_473' title='bbox 1390 4141 1491 4199; x_wconf 88' lang='lat' dir='ltr'><strong>mirari</strong></span> <span class='ocrx_word' id='word_1_474' title='bbox 1511 4143 1642 4218; x_wconf 85' lang='lat' dir='ltr'><strong>primum</strong></span> <span class='ocrx_word' id='word_1_475' title='bbox 1663 4185 1681 4198; x_wconf 87' lang='lat'><strong>.</strong></span> 
     </span>
     <span class='ocr_line' id='line_1_37' title="bbox 281 4225 1678 4325; baseline 0.006 -28"><span class='ocrx_word' id='word_1_476' title='bbox 281 4257 347 4300; x_wconf 84' lang='lat' dir='ltr'><strong>suas</strong></span> <span class='ocrx_word' id='word_1_477' title='bbox 374 4259 421 4300; x_wconf 85' lang='lat' dir='ltr'><strong>res</strong></span> <span class='ocrx_word' id='word_1_478' title='bbox 450 4241 520 4300; x_wconf 84' lang='lat' dir='ltr'><strong>satis</strong></span> <span class='ocrx_word' id='word_1_479' title='bbox 549 4284 568 4298; x_wconf 91' lang='lat'>.</span> <span class='ocrx_word' id='word_1_480' title='bbox 605 4243 693 4302; x_wconf 88' lang='lat' dir='ltr'><strong>illum</strong></span> <span class='ocrx_word' id='word_1_481' title='bbox 727 4261 797 4300; x_wconf 91' lang='lat' dir='ltr'><strong>cum</strong></span> <span class='ocrx_word' id='word_1_482' title='bbox 832 4243 959 4305; x_wconf 86' lang='lat' dir='ltr'><strong>consilio</strong></span> <span class='ocrx_word' id='word_1_483' title='bbox 989 4263 1044 4304; x_wconf 90' lang='lat' dir='ltr'><strong>suo</strong></span> <span class='ocrx_word' id='word_1_484' title='bbox 1072 4288 1090 4300; x_wconf 92' lang='lat'><em>.</em></span> <span class='ocrx_word' id='word_1_485' title='bbox 1115 4225 1171 4304; x_wconf 81' lang='lat' dir='ltr'><strong>res</strong></span> <span class='ocrx_word' id='word_1_486' title='bbox 1195 4243 1347 4306; x_wconf 76' lang='lat' dir='ltr'><strong>familiaris</strong></span> <span class='ocrx_word' id='word_1_487' title='bbox 1381 4255 1553 4325; x_wconf 87' lang='lat' dir='ltr'><strong>corruperat</strong></span> <span class='ocrx_word' id='word_1_488' title='bbox 1582 4290 1600 4304; x_wconf 91' lang='lat'>.</span> <span class='ocrx_word' id='word_1_489' title='bbox 1629 4247 1678 4308; x_wconf 84' lang='grc'><strong>65.</strong></span> 
     </span>
     <span class='ocr_line' id='line_1_38' title="bbox 282 4345 1680 4431; baseline 0.003 -28"><span class='ocrx_word' id='word_1_490' title='bbox 282 4345 484 4408; x_wconf 80' lang='lat' dir='ltr'><strong>massanabilis</strong></span> <span class='ocrx_word' id='word_1_491' title='bbox 503 4391 521 4406; x_wconf 90' lang='lat'>.</span> <span class='ocrx_word' id='word_1_492' title='bbox 540 4347 622 4416; x_wconf 86' lang='lat' dir='ltr'><strong>hunc</strong></span> <span class='ocrx_word' id='word_1_493' title='bbox 643 4348 752 4408; x_wconf 83' lang='lat' dir='ltr'><strong>marius</strong></span> <span class='ocrx_word' id='word_1_494' title='bbox 772 4349 938 4430; x_wconf 68' lang='lat' dir='ltr'><strong>aggreditur</strong></span> <span class='ocrx_word' id='word_1_495' title='bbox 957 4357 1047 4431; x_wconf 84' lang='lat' dir='ltr'><strong>atque</strong></span> <span class='ocrx_word' id='word_1_496' title='bbox 1065 4347 1238 4412; x_wconf 67' lang='lat' dir='ltr'><strong>hortatur..</strong></span> <span class='ocrx_word' id='word_1_497' title='bbox 1257 4361 1292 4420; x_wconf 86' lang='lat' dir='ltr'><strong>ut</strong></span> <span class='ocrx_word' id='word_1_498' title='bbox 1312 4349 1680 4431; x_wconf 77' lang='lat' dir='ltr'><strong>contumeliarum&#39;impe.</strong></span> 
     </span>
    </p>
   </div>
   <div class='ocr_carea' id='block_1_10' title="bbox 0 0 2172 5354">
    <p class='ocr_par' dir='ltr' id='par_1_11' title="bbox 0 0 2172 5354">
     <span class='ocr_line' id='line_1_39' title="bbox 0 0 2172 5354; baseline 0 6"><span class='ocrx_word' id='word_1_499' title='bbox 0 0 2172 5354; x_wconf 95' lang='lat' dir='ltr'><strong> </strong></span> 
     </span>
    </p>
   </div>
  </div>
 </body>
</html>
