4242 5334
297 445 299 453 ·
351 439 455 500 ιιι.
584 397 587 414 ’

356 617 516 688 Crebrae
534 613 673 700 vigilias
692 625 823 696 ponere
841 613 873 673 J.
894 611 946 686 45.
979 627 1024 674 οι.
1046 607 1187 695 ignibus
1206 608 1305 684 iactis
1326 613 1356 674 J.
1379 614 1427 694 98.
1454 610 1547 697 ignis
1567 635 1667 696 quam
1689 638 1764 688 ore-

393 717 840 797 heimmcsfierijuhetmfi.
847 716 967 779 crebro
978 715 1110 800 impetu
1121 717 1170 780 so.
1179 718 1360 782 crebritate
1371 721 1539 782 fluctuum
1549 722 1592 782 Η.
1604 721 1672 792 inc.
1681 729 1729 805 ⁵4·

354 827 468 898 Credi
484 836 597 914 potest
616 825 741 886 salsum
762 822 897 902 aliquid
917 844 983 906 pro
1003 843 1093 886 vero*
1107 823 1144 884 C.
1167 825 1214 885 5ι.
1247 842 1292 886 ne
1320 824 1407 905 quid
1433 827 1477 898 de
1504 845 1540 890 se
1568 834 1695 896 temore
1716 852 1761 896 cr.

365 985 369 992 .
393 939 443 997 δι.
465 951 577 1012 neque
596 929 734 992 homini
754 929 916 1011 cuiquam
934 929 1016 992 satis
1036 929 1084 994 ib.
1105 933 1207 993 credo
1225 927 1312 992 falsa
1328 930 1536 1016 existumans
1551 935 1601 996 52.
1622 937 1764 1002 credens

390 1036 431 1100 in
451 1055 525 1100 rem
545 1036 620 1100 fore
643 1059 691 1098 ιο.
720 1034 814 1098 iactu
835 1035 1006 1118 optimum
1028 1037 1078 1097 32.
1106 1034 1196 1099 nihil
1212 1034 1287 1114 jam
1308 1037 1450 1099 Metello
1472 1036 1637 1117 infectum
1660 1042 1690 1104 J.
1713 1044 1762 1125 76.

390 1163 506 1225 neque
527 1143 669 1206 mortali
682 1143 844 1223 cuiquam
857 1151 917 1206 aut
930 1141 1080 1226 tempori
1095 1158 1144 1222 72.
1164 1141 1288 1205 virtuti
1307 1161 1449 1206 suorum
1469 1144 1550 1210 salis
1568 1153 1634 1218 106.
1649 1154 1763 1216 osten-

374 1253 443 1314 *tui
463 1250 527 1312 illa
547 1249 736 1313 deditionis
757 1249 856 1334 signa
876 1252 926 1321 46.
949 1248 1119 1311 creditum
1140 1249 1176 1310 G.
1199 1249 1248 1310 25.

350 1354 522 1423 Crescere
539 1357 613 1419 haec
633 1357 724 1418 mala
745 1359 782 1418 C.
802 1381 848 1418 ιο.
872 1355 1019 1435 cujusvis
1041 1374 1123 1439 opes
1143 1354 1295 1419 voluisse
1315 1371 1361 1418 cr.
1384 1362 1502 1419 contra
1522 1357 1618 1422 illius
1638 1365 1760 1442 poten·

388 1461 473 1526 tiam
491 1484 536 1543 17.
559 1482 634 1526 eam
656 1465 827 1525 flammam
850 1463 997 1548 egregiis
1016 1462 1101 1525 viris
1122 1461 1160 1524 in
1179 1467 1318 1546 pectore
1331 1467 1360 1522 J.
1374 1475 1403 1534 4.
1425 1463 1620 1545 respublica
1640 1463 1765 1529 labore

388 1575 492 1649 atque
514 1567 651 1646 justitia
670 1570 706 1629 (1.
730 1589 776 1630 ιο.
806 1568 947 1652 imperii
980 1567 1107 1651 cupido
1138 1567 1187 1629 ib.
1215 1565 1369 1650 potentia
1389 1567 1439 1648 39.
1470 1567 1532 1647 qui
1559 1568 1651 1632 malo
1672 1569 1758 1653 reip..

392 1681 567 1737 creverant
589 1676 638 1734 5ι.
668 1693 744 1754 quae
764 1675 800 1734 P.
823 1675 861 1738 R.
884 1674 1008 1757 opibus
1032 1679 1080 1737 51.
1103 1659 1357 1736 adulescentem
1379 1665 1531 1737 crescere
1551 1673 1574 1736 i.
1595 1687 1625 1738 e.
1647 1673 1759 1759 gratia

390 1780 511 1864 augeri
530 1782 562 1840 J.
583 1782 611 1840 6.
641 1779 840 1858 cujusquam
862 1797 1007 1862 regnum
1028 1797 1091 1861 per
1111 1778 1221 1842 scelus
1245 1793 1291 1854 ι4.
1320 1797 1391 1858 quo
1412 1777 1496 1864 fuga
1516 1786 1618 1860 atquc
1638 1777 1758 1842 formi-

391 1887 437 1948 do
457 1885 562 1947 latius
581 1892 774 1949 crescerent
795 1885 844 1946 55.
865 1883 1008 1946 licentia
1029 1885 1065 1943 C.
1090 1887 1138 1947 5ι.

350 1988 615 2057 Criminantur
641 1991 686 2053 H.
704 1993 761 2051 ΙΙΙ.
786 2006 835 2053 aa.
873 1989 1079 2052 criminibus
1099 1989 1196 2052 falsis
1217 1988 1489 2055 circumventum
1508 1989 1544 2053 C.
1566 1994 1617 2065 54.
1640 1990 1759 2054 crimi-

386 2115 470 2161 nose
491 2099 534 2159 de
554 2095 649 2159 bello
669 2095 769 2177 loqui
789 2102 818 2158 1.
840 2099 888 2170 64.
1151 2099 1153 2104 ’
1602 2079 1609 2096 ’

344 2198 546 2270 cruciatus
566 2185 685 2266 omnes
705 2201 857 2264 minores
878 2221 982 2281 quam
1003 2199 1147 2263 illorum
1168 2201 1297 2265 scelera
1317 2203 1352 2262 G.
1375 2203 1425 2269 5ι.
1446 2219 1494 2264 cr.
1515 2201 1668 2284 corporis
1696 2203 1758 2266 de-

383 2326 507 2391 precor
525 2309 556 2368 J.
574 2323 623 2384 24.
644 2307 799 2370 virorum
821 2306 1011 2374 illustrium
1031 2307 1076 2367 H.
1096 2309 1122 2367 I.
1150 2311 1195 2370 15.
1217 2327 1263 2392 cr.
1284 2325 1329 2368 au
1351 2307 1495 2391 praemia
1515 2308 1635 2370 mallet
1654 2309 1684 2369 J.
1707 2327 1755 2388 7⁰·

343 2412 500 2482 Crudele
525 2412 857 2486 incendimus&
888 2432 935 2473 cr.
965 2418 998 2473 et
1030 2409 1132 2473 ioeda·
1147 2411 1305 2474 facinora
1328 2435 1373 2472 ιι.
1406 2433 1453 2476 cr.
1480 2413 1756 2476 intolerandum-

382 2540 455 2600 que·
471 2519 657 2601 imperium
675 2517 806 2579 iactum
830 2500 1077 2579 10.'sententia
1097 2519 1145 2577 51.
1171 2517 1323 2600 gratuito
1346 2516 1495 2580 crudelis
1517 2525 1590 2582 erat
1612 2525 1656 2582 16.
1678 2535 1754 2600 quas

383 2627 477 2708 apud
498 2625 585 2710 alios
605 2623 803 2699 iracundia,
826 2641 865 2685 ea
886 2621 925 2684 in
946 2619 1094 2705 imperio
1115 2621 1301 2685 crudelitas
1323 2629 1370 2687 5ι.

244 2755 251 2764 ·
343 2728 546 2798 Cruentum
567 2736 670 2812 atque
690 2729 882 2791 luctuosam
904 2726 1086 2790 victoriam
1106 2726 1264 2815 hostibus
1285 2729 1483 2808 relinquere
1506 2731 1555 2791 58.
1581 2759 1584 2764 “

226 2820 232 2831 .
342 2830 526 2915 Cuiquam
547 2837 581 2897 C.
607 2841 635 2900 5.
667 2833 997 2915 cuiquamhomiui
1027 2840 1076 2898 31.
1107 2831 1268 2914 cuiquam
1288 2839 1445 2895 nostrum
1467 2837 1526 2898 58.
1551 2833 1752 2918 mortalium

382 2941 431 3003 5ι.
452 2939 512 3002 cfr·
531 2941 562 3002 J.
588 2963 613 3000 1.
636 2961 664 3002 c.
687 2939 827 3003 mortali
842 2962 892 3021 72·
913 2961 942 3002 c.
962 2941 1120 3004 omnium
1147 2963 1213 3000 ιοι.
1237 2933 1367 3020 cuique
1387 2956 1449 3000 sua
1469 2937 1549 3000 satis
1568 2936 1751 3020 placebant

356 3065 358 3072 ¹
383 3047 422 3108 G.
444 3063 473 3107 a.
502 3045 635 3128 optimo
657 3065 685 3108 c.
707 3053 756 3120 54.
789 3045 954 3126 cujusque
972 3043 1117 3130 generis
1145 3044 1306 3111 homines
1337 3051 1385 3124 59.
1415 3041 1511 3124 cuius
1536 3042 1624 3107 libet
1649 3042 1701 3108 rei
1723 3048 1749 3106 5.

382 3148 714 3234 cujuscunquemodi
734 3153 807 3215 haec
826 3152 989 3214 videntur
1011 3153 1060 3220 52.
1164 3197 1169 3202 .
1570 3145 1575 3151 ’

343 3253 463 3339 Culpa
485 3277 506 3318 a
524 3275 651 3320 vacuus
672 3257 707 3318 C.
732 3257 777 3330 ι4.
800 3255 1009 3320 conscientia
1032 3260 1075 3320 de
1089 3277 1125 3318 c.
1142 3255 1192 3319 35.
1213 3277 1286 3321 non
1306 3275 1382 3320 mea
1403 3257 1553 3338 culpas.
1580 3269 1629 3330 ι4.
1662 3275 1703 3320 ex
1722 3278 1749 3319 c.

380 3361 530 3447 gloriam
550 3362 684 3426 invenit
704 3365 753 3442 94.
775 3382 872 3424 suam
894 3384 922 3430 c.
947 3370 1102 3425 auctores
1124 3363 1168 3423 ad
1189 3357 1329 3446 negotia
1350 3359 1563 3421 transferunt.
1582 3383 1608 3418 ι.

340 3467 514 3536 Cultores
534 3469 556 3531 i.
575 3489 607 3532 e.
627 3467 750 3532 incolae
770 3471 801 3530 1.
828 3491 873 3550 ι7.
894 3463 1057 3554 agrorum
1073 3470 1123 3542 46.
1137 3468 1187 3540 48.
1207 3465 1356 3549 pecoris,
1378 3461 1466 3525 belli
1488 3463 1536 3535 54.
1558 3463 1762 3528 cultoribus-

378 3577 492 3639 manis
513 3583 563 3639 est
581 3577 624 3638 H.
645 3574 713 3638 inc.
736 3576 909 3638 cultorum
930 3573 1012 3658 fuga
1032 3575 1165 3636 deserta
1184 3571 1227 3630 H.
1248 3573 1274 3634 Ι.
1299 3565 1351 3628 ι8.·

340 3677 456 3747 Cultu
478 3685 512 3743 C.
535 3685 583 3742 13.
613 3681 710 3765 regio
740 3689 873 3744 aetatem
902 3697 1003 3763 agere
1035 3681 1084 3758 87.
1103 3673 1272 3758 ¹corporis
1293 3673 1344 3746 48.
1374 3675 1496 3738 eodem
1520 3674 1648 3745 habuit
1664 3677 1695 3738 J.
1717 3679 1746 3738 5.

291 3803 292 3808 ’
380 3805 485 3873 quam
505 3803 664 3848 maxume
682 3783 874 3851 miserabili
894 3785 945 3846 33.
972 3777 1125 3844 humano
1155 3781 1198 3842 ab
1220 3800 1246 3842 c.
1268 3786 1381 3842 vastus
1403 3782 1453 3855 48.
1484 3780 1612 3843 multos
1632 3781 1747 3865 pueri-

376 3887 435 3951 tiae
456 3891 567 3953 cultus
589 3892 639 3968 75.
665 3891 761 3954 cultu
782 3886 934 3974 corporis
955 3872 1076 3951 ornata
1097 3884 1236 3971 egregio
1256 3885 1300 3948 H.
1320 3883 1387 3948 inc.
1412 3899 1481 3965 149.
1512 3889 1622 3950 cultos
1642 3886 1747 3950 armis

379 3991 561 4058 decoribus
580 3996 637 4053 III.
658 4013 688 4069 7.
1033 3983 1037 3987 ’
1313 4065 1316 4069 .

338 4097 431 4170 Cum
460 4095 528 4159 diis
553 4114 736 4160 commune
763 4100 797 4164 C.
822 4123 847 4162 ι.
880 4099 1018 4162 fortuna
1037 4095 1141 4159 simul
1165 4115 1243 4159 cum
1262 4097 1417 4162 moribus
1439 4115 1468 4160 a.
1503 4097 1646 4160 avaritia
1666 4116 1745 4160 cum

377 4191 610 4289 superbiam.
641 4209 759 4283 stupra
787 4202 900 4268 facere
922 4223 1000 4266 cum
1019 4201 1156 4286 virgine
1178 4205 1226 4266 15.
1259 4225 1286 4266 c.
1308 4205 1379 4266 telo
1400 4221 1470 4268 esse
1491 4220 1538 4284 27.
1561 4224 1589 4266 c.
1611 4203 1742 4288 populo

378 4327 481 4402 agere
508 4311 558 4394 57‘.
584 4307 801 4395 turpitudine
829 4315 962 4379 etatem
990 4327 1091 4392 agere
1119 4311 1169 4373 58.
1202 4329 1230 4374 c.
1251 4329 1376 4393 magna
1402 4308 1515 4396 gloria
1533 4307 1742 4386 inexercitu

1467 4603 1484 4635 t
