4334 5354
389 493 486 618 'asa

405 731 493 778 mas-
503 733 574 775 nam
587 699 734 794 quantum
742 740 761 758 -
771 717 934 792 arrogant·
943 708 974 769 ld
987 729 1029 768 m.
1040 727 1119 771 nova
1127 704 1271 798 nobilitas
1281 715 1350 769 est-
1361 705 1521 770 facundam
1532 706 1699 792 (isuplin.)
1707 742 1723 757 -
1735 730 1823 774 mco-

404 844 472 884 rum
494 826 641 898 majorum
662 812 816 877 ostendere
833 845 852 864 -
871 817 1044 896 profuerant
1066 848 1082 862 -
1102 818 1143 878 vl.
1165 835 1213 875 me
1234 818 1390 897 opulenter
1408 847 1427 866 ··
1446 815 1610 877 molliciem
1626 837 1693 900 agas
1705 849 1724 864 ·
1744 818 1822 880 cele·

403 926 488 986 brare
507 956 526 973 ·
547 925 643 1005 ctpnit
663 958 679 970 -
707 943 778 982 nam
799 942 834 982 ex
854 932 1013 1002 parente-
1044 925 1114 1000 plus
1136 931 1272 1002 oportere
1292 922 1392 1004 gloriae
1418 941 1511 1004 quam
1532 921 1703 989 divitiarum
1725 943 1786 986 esse
1803 956 1823 974 -

403 1052 507 1092 carum
529 1031 709 1090 existimant.
730 1063 746 1074 -
777 1038 880 1087 amant
899 1061 918 1076 -
946 1026 1132 1105 jocundiora.
1144 1037 1214 1088 sunt
1234 1061 1253 1076 -
1282 1029 1342 1106 mei
1362 1048 1460 1090 mores
1480 1029 1619 1112 -'pauca
1638 1029 1675 1091 de
1696 1050 1728 1092 re
1748 1052 1780 1112 p.
1801 1062 1819 1078 -

403 1135 573 1198 mehercule
592 1133 643 1195 sed
664 1133 758 1216 magis
779 1163 798 1180 -
818 1131 993 1194 adnitimini
1013 1165 1032 1180 -
1053 1133 1214 1214 capessite:

398 1419 401 1424 ’
450 1397 540 1465 Cod.
564 1397 653 1480 1751.
675 1396 784 1484 Perg.
794 1387 871 1484 fol.
892 1395 980 1463 See.
1004 1395 1116 1461 XIV.
1137 1351 1230 1459 lider
1249 1396 1438 1487 eleganter
1457 1395 1522 1462 aed
1537 1389 1767 1486 negligenter

810 1500 812 1505 ’
1022 1496 1191 1585 comptus.
1529 1501 1535 1516 ‘

479 1691 547 1770 Cat.
570 1708 619 1768 51.
641 1727 749 1790 magna
770 1705 865 1768 michi
888 1719 932 1767 est
952 1730 1019 1790 cop.
1041 1721 1169 1792 -atque
1189 1711 1394 1772 misericordia
1412 1742 1432 1760 ·
1449 1711 1486 1770 In
1506 1713 1589 1772 bello
1610 1725 1713 1773 meu·
1732 1710 1788 1776 rod
1802 1743 1835 1758 -ν

401 1833 491 1876 causa
510 1845 529 1860 -
549 1811 806 1894 chardiaginenses
827 1845 841 1858 -
864 1811 938 1872 talia
958 1813 1052 1872 faeere
1073 1811 1171 1874 -hoc
1191 1815 1264 1875 item
1286 1848 1305 1863 -
1324 1837 1374 1898 ap.
1396 1838 1448 1880 vos
1468 1820 1592 1880 valeat·
1611 1836 1668 1877 nec
1689 1818 1784 1900 magis
1802 1851 1819 1864 ·
1850 1887 1853 1893 „

400 1941 431 2001 q,
452 1921 611 1979 consulatis
632 1919 710 1978 fame
728 1950 747 1966 ·
769 1919 937 2000 repperitur
956 1951 975 1965 ·
1006 1930 1160 1999 exsuperat
1178 1954 1194 1966 -
1216 1922 1364 2002 compleri
1385 1921 1453 1981 fana
1481 1933 1571 2003 atque
1597 1921 1703 1982 domos
1745 1941 1819 2004 spo·

398 2027 468 2085 lieri
490 2024 566 2085 caede
594 2024 736 2085 incendio
766 2057 785 2073 -
815 2035 844 2085 et
865 2035 927 2086 tam
947 2023 1066 2085 atrox'-
1094 2045 1184 2117 prum
1215 2027 1390 2089 mortalium
1421 2027 1539 2106 injuriae
1558 2061 1574 2073 -
1608 2005 1782 2111 delinquere
1801 2063 1817 2074 -

403 2151 506 2192 eorum
528 2132 662 2192 fortunas
688 2131 791 2192 cuncti
813 2149 919 2190 novere
942 2133 1081 2190 mortales
1101 2162 1121 2178 -
1146 2118 1280 2192 facinora
1301 2153 1362 2193 esse
1383 2151 1486 2194 eorum
1508 2167 1524 2180 -
1552 2143 1581 2194 et
1609 2136 1642 2194 in
1669 2133 1814 2194 omnibus

305 2273 311 2287 ι
353 2303 359 2307 ,
398 2239 500 2320 impiis
520 2272 537 2284 -
557 2238 582 2298 si
601 2237 694 2319 paulo
715 2257 749 2298 ea
769 2240 867 2301 serior
888 2237 975 2297 fuit·
994 2235 1119 2296 Brutum
1140 2237 1283 2300 sillanum
1306 2240 1501 2301 certascio-
1522 2240 1650 2301 crudelis
1669 2240 1816 2302 videtur·

398 2364 467 2405 cum
488 2345 647 2426 praesertim
676 2337 834 2428 diligentia
854 2378 871 2396 ε
901 2363 1020 2426 possum
1043 2343 1181 2424 equidem
1203 2376 1222 2392 -
1249 2345 1341 2407 levius
1363 2356 1406 2406 est
1425 2379 1444 2396 ·
1464 2346 1539 2428 quid
1559 2350 1701 2411 conuenit
1720 2377 1738 2394 -
1757 2365 1816 2405 ne·

257 2441 261 2454 ⁸
285 2463 297 2471 ·
397 2450 533 2534 glexeris3
555 2449 672 2529 tempus
693 2451 913 2530 (plnraomissa
926 2451 959 2509 in
978 2451 1112 2532 margine
1124 2449 1247 2533 scripta)
1269 2472 1304 2512 ex
1323 2450 1409 2513 bonis
1430 2453 1524 2512 initiis
1537 2486 1554 2499 -
1572 2454 1691 2534 ignaros
1713 2452 1814 2516 cives-

395 2557 497 2644 laticia
515 2576 619 2638 paenas
650 2555 733 2616 dedit
752 2589 771 2604 -
790 2539 865 2616 alios
886 2555 1034 2636 ejusmodi
1054 2588 1073 2604 ··
1094 2557 1160 2640 quis
1181 2577 1246 2618 non
1267 2559 1378 2620 laetum
1400 2543 1463 2640 ejus
1482 2591 1501 2608 -
1521 2557 1605 2640 hoies
1624 2568 1813 2640 -postremo

396 2680 446 2723 ves
474 2697 491 2706 -
516 2664 605 2722 utin
627 2663 783 2743 proscript.
814 2697 830 2708 -
859 2659 907 2722 his
927 2684 1025 2745 neque
1046 2674 1140 2746 temp·
1167 2697 1186 2730 ε
1214 2665 1383 2727 sannitibus
1403 2697 1422 2713 -
1451 2666 1489 2726 ab
1510 2667 1600 2728 tuscis
1620 2700 1636 2712 -
1656 2663 1814 2730 videbatur

394 2765 539 2829 idoneum
560 2799 577 2812 -
595 2766 647 2824 aed
666 2785 771 2825 censeo
791 2766 988 2847 publicandas
1006 2797 1025 2812 -
1046 2771 1080 2824 in
1100 2770 1238 2829 vinculos
1259 2768 1423 2832 habendos.

476 2870 543 2933 Cat.
566 2857 615 2932 5'2‘.
655 2869 749 2930 michi
778 2873 838 2930 alia
867 2871 1001 2932 -caveri
1030 2887 1242 2950 -persequere
1270 2899 1287 2920 ·
1314 2857 1422 2932 frustra
1441 2877 1584 2954 implores
1605 2909 1621 2920 -
1653 2895 1703 2935 vas
1726 2877 1814 2954 apel-

394 2981 426 3040 lo
448 2997 502 3060 ego
528 3012 545 3024 -
574 2977 658 3037 modi
683 2978 743 3037 sint
762 3009 781 3024 -
812 2980 932 3037 alterius
946 2973 1049 3036 ‹libine
1075 3006 1094 3023 ·
1128 2974 1244 3034 tametsi
1264 2993 1355 3056 parva
1383 2975 1557 3056 pendebatis
1584 3011 1600 3060 f
1635 2978 1775 3038 nominet
1795 3013 1813 3024 -

393 3105 461 3149 vera
486 3104 542 3143 nos
559 3113 576 3127 -
608 3079 740 3142 ne'illiv
760 3084 937 3166 sanguinem
956 3115 973 3128 -
1001 3091 1031 3141 et
1056 3101 1094 3140 ne
1128 3079 1202 3140 dum
1223 3071 1242 3128 ²-
1276 3082 1406 3142 minores
1440 3093 1510 3142 sunt
1537 3113 1557 3129 ·
1593 3081 1651 3142 Sed
1682 3085 1708 3142 si
1739 3061 1774 3143 in
1794 3119 1811 3132 -

395 3191 487 3250 refert
514 3209 553 3248 ne
578 3187 655 3248 mihi
679 3223 695 3237 -
724 3191 883 3250 statueritis
908 3223 925 3234 -
954 3209 1019 3269 qum
1049 3184 1135 3247 nulla
1164 3187 1252 3248 nobis
1275 3223 1291 3235 -
1319 3192 1474 3271 sequimur
1506 3198 1662 3270 egestatem
1689 3220 1708 3236 -
1738 3209 1809 3250 cum

395 3294 524 3376 exercitu
543 3315 637 3377 supra
651 3307 743 3378 caput
764 3305 807 3356 eet
824 3325 841 3339 ·
868 3298 958 3356 etiam
979 3314 1064 3354 nune
1087 3303 1116 3353 et
1133 3291 1276 3369 dubitatis
1298 3326 1314 3342 -
1342 3293 1532 3376 deprehensis
1554 3293 1691 3355 hostibus
1708 3327 1724 3339 -
1749 3299 1810 3358 mi·

392 3405 532 3464 seremini
545 3423 649 3464 censeo
667 3437 683 3450 ·
695 3401 1068 3482 eonvertatur.suppliciis
1074 3399 1250 3461 mulieribus
1266 3433 1283 3447 ·=
1295 3409 1390 3462 cetera
1401 3420 1504 3461 eorum
1515 3400 1576 3462 vita
1585 3435 1599 3449 ·
1611 3402 1637 3462 si
1648 3402 1806 3486 quisquam

390 3487 526 3593 unquam
545 3511 631 3591 pensi
649 3513 726 3570 -ita
748 3529 852 3570 censeo
871 3527 926 3590 ego
942 3538 961 3572 ·.
979 3509 1056 3572 volt.

315 3659 319 3664 -
411 3691 415 3701 .
452 3617 523 3700 lug.
533 3615 583 3681 85.
598 3626 829 3700 aetatemgerere.
840 3615 1138 3696 ampliu-contra
1150 3633 1184 3672 ea
1194 3611 1358 3676 videntur·
1368 3612 1510 3694 intellego
1524 3643 1539 3662 -
1556 3615 1660 3675 omnia
1667 3611 1762 3674 hora·
1775 3625 1806 3678 et

393 3724 527 3807 pericula
540 3757 558 3768 -
582 3733 611 3783 et
629 3723 701 3784 vitia
724 3735 810 3804 cepta
835 3721 969 3782 mercede
988 3755 1005 3768 -
1024 3743 1056 3802 p.
1074 3722 1301 3804 agnitionem·
1320 3719 1452 3798 optumis
1471 3721 1644 3802 -pleraque
1668 3725 1768 3785 evenit
1786 3753 1805 3770 -

391 3831 583 3912 imperatorie
607 3831 701 3889 alium
729 3861 747 3878 -
772 3840 802 3890 et
828 3839 895 3890 acta
912 3860 930 3877 ·
961 3829 1038 3894 facta
1062 3848 1102 3888 an
1128 3827 1189 3891 vita
1211 3859 1228 3872 -
1250 3825 1394 3886 existumo
1412 3858 1428 3869 -
1452 3845 1486 3884 ex
1503 3827 1582 3908 signi
1607 3829 1768 3888 maluerint
1785 3858 1804 3873 ·

392 3935 540 4016 adrogant
556 3965 575 3982 ·
591 3955 654 4002 non
675 3929 790 4016 placuit
812 3945 931 4018 tangere
953 3966 971 3981 -
992 3911 1026 3994 eri
1047 3933 1143 3993 animi
1162 3931 1306 3992 sententia
1323 3962 1339 3978 ·
1362 3951 1402 3990 eae
1418 3943 1489 3993 sunt
1510 3954 1581 3994 meae
1597 3935 1715 4017 imag·
1734 3935 1803 3996 satis

392 4040 525 4101 ostendit
540 4073 557 4085 ·
584 4031 763 4122 prosuerunt
779 4073 799 4088 -·
819 4054 944 4124 optuma
967 4073 983 4086 ·
1003 4038 1051 4100 his
1070 4059 1140 4123 ergo
1157 4070 1176 4086 ·
1193 4038 1302 4099 licebat
1314 4037 1481 4120 relinquere
1495 4038 1636 4115 divitias,
1654 4041 1801 4121 imagines

392 4143 450 4225 (his
470 4147 503 4205 in
516 4144 611 4208 verbis
632 4146 741 4207 desinit
761 4147 845 4209 liber.
869 4149 1002 4229 sequitur
1020 4146 1109 4208 Catil.
1133 4147 1241 4206 iterum
1262 4144 1414 4228 usquead
1443 4166 1470 4206 c.
1494 4145 1544 4218 da.
1574 4156 1604 4208 et
1632 4149 1738 4206 folium
1759 4141 1802 4206 'ex
1842 4187 1851 4208 e

390 4253 451 4312 fine
471 4251 541 4336 Jug.
560 4252 630 4313 Sacc.
651 4252 734 4314 ΧΙΠ.
750 4256 796 4321 ,εἰσ
814 4256 939 4338 quisque
956 4252 1073 4314 hostem
1094 4253 1179 4314 ferire
1196 4287 1212 4299 -
1229 4273 1263 4313 ea
1282 4252 1581 4322 divicias-maximus
1599 4253 1768 4334 negotiosus
1781 4283 1801 4299 ·

391 4357 424 4418 in
445 4361 554 4420 amicos
573 4359 675 4420 fideles
693 4393 709 4405 -
729 4357 821 4443 (liber
840 4345 1142 4444 negligentissimus.)
