4230 5348
1624 521 1629 526 .
1672 447 1738 542 141

333 638 440 722 vinis,
458 655 536 718 quae
556 639 673 700 rouza
692 637 958 715 nonensem,
986 637 1100 721 nsque
1120 639 1230 705 utitur
1249 639 1273 702 1.
1295 661 1324 704 ο.
1343 661 1377 709 n.
1392 663 1429 724 9.
1449 641 1645 707 nea-nnn
1666 660 1743 708 mo.
1796 625 1802 635 '

333 753 421 809 neat.
442 741 772 835 ApudGhristinam
792 744 979 808 Succorum
999 745 1170 830 Reginam
1190 751 1224 810 et
1243 745 1306 810 ille
1325 746 1431 830 vidit,
1462 756 1497 812 et
1514 751 1563 814 Js.
1584 751 1741 830 Vossius,

333 849 554 928 cujusverba
573 851 667 934 leges
688 847 726 912 in
747 848 835 912 Bibl.
849 851 922 912 Lat.
936 849 1069 913 Fabric.
1090 853 1129 915 Τ.
1149 853 1176 913 Ι.
1198 854 1251 914 ed.
1270 854 1350 914 Ern.
1371 877 1407 938 p.
1430 857 1499 934 ²³9·
1520 857 1569 917 Ex
1590 856 1662 933 ejus
1682 876 1743 918 au-

332 963 402 1019 tem
422 945 797 1040 Reginae'Bibliotheca
817 954 856 1016 in
876 953 1077 1020 Vaticanam
1097 955 1385 1042 commigrarunt3
1418 960 1511 1022 unde
1542 961 1585 1020 ab
1607 959 1742 1023 detritis

332 1061 466 1123 duabus
485 1058 695 1124 membranis
716 1059 895 1144 descripsit
916 1079 957 1144 ea
977 1059 1242 1144 diligentissime
1262 1063 1420 1144 mihique
1444 1064 1548 1149 longe
1569 1064 1741 1148 optimum

332 1183 453 1230 eorum
482 1165 678 1250 exemplum
706 1165 803 1230 dedit
828 1164 884 1228 rir
912 1165 1130 1228 doctissimus
1160 1166 1341 1245 cajetanus
1371 1169 1551 1256 Marinius.
1586 1170 1741 1233 Pretium

332 1269 398 1333 erit
418 1289 549 1355 operae,
582 1271 752 1336 illustrem
780 1271 896 1334 locum
917 1290 958 1334 ex
977 1269 1061 1355 ipsis
1082 1271 1291 1338 membranis
1311 1293 1524 1359 proponere:
1559 1270 1741 1358 Deinceps

332 1382 475 1457 monet,
498 1372 536 1437 in
560 1373 719 1440 laxiores
740 1397 866 1465 agros,
898 1373 1086 1465 magisque
1098 1376 1274 1460 pecurios
1295 1373 1435 1467 (forte,
1459 1376 1677 1462 pecuarios)
1699 1387 1742 1442 ut

324 1477 588 1569 egrediantur:
623 1477 687 1544 ubi
698 1523 708 1564 ,
749 1482 972 1564 priusquam.
999 1477 1138 1572 refecto
1169 1479 1334 1546 exercitu
1366 1483 1506 1546 adesset
1541 1487 1581 1549 V
1577 1481 1742 1565 minius,

332 1593 491 1674 augetur
511 1607 662 1651 numero
684 1584 828 1652 selectis
846 1584 948 1654 uiris.
972 1589 1025 1652 Et
1040 1609 1199 1670 propere
1219 1594 1379 1652 nanctus
1401 1584 1569 1652 idoneum
1591 1611 1636 1652 eae
1657 1609 1743 1672 cap-

331 1685 413 1754 tiuis
434 1691 574 1775 ducem,
608 1688 833 1776 Picentinis,
867 1689 993 1755 deinde
1011 1691 1214 1756 Eburianis
1233 1689 1342 1782 jugis
1364 1696 1532 1758 occultus
1553 1695 1606 1757 ad
1626 1690 1743 1760 Naris
1795 1707 1804 1728 ⁸

330 1797 523 1875 Lucanas,
555 1805 667 1880 utque
688 1795 771 1862 inde
785 1795 912 1880 prima
934 1800 1015 1859 luce
1029 1794 1194 1879 peruenit
1215 1795 1268 1861 ad
1283 1796 1405 1863 Annii
1412 1796 1567 1888 forum,
1599 1795 1759 1885 ignarus.

329 1898 542 1966 cultoribus.
573 1903 632 1969 Ac
661 1900 790 1967 statim
811 1897 972 1992 fugitivi
1002 1908 1136 1964 contra
1161 1910 1387 1984 proeceptum
1417 1899 1520 1964 ducis
1540 1924 1670 1985 rapere
1690 1904 1742 1974 ad
1824 1898 1828 1907 '

329 2013 499 2086 stuprum
521 2003 677 2093 virgines
697 2014 974 2087 matronasque.
1006 2006 1094 2068 Sunt
1122 2007 1196 2070 haec
1225 2005 1318 2089 apussd
1338 2006 1536 2068 Bimardum
1557 2008 1742 2088 corruptis-

234 2119 248 2127 ‘
295 2130 298 2138 ¹
330 2109 434 2188 sima.¹
448 2111 572 2172 Melius
593 2131 613 2170 a
634 2112 787 2173 Freinsh.
808 2119 888 2172 sunt
908 2112 1012 2186 lecta,
1047 2129 1161 2188 neque
1192 2118 1307 2170 tamen
1335 2110 1416 2171 satis
1444 2113 1488 2170 ad
1508 2109 1613 2171 fidem
1634 2129 1742 2170 mem-

264 2249 269 2261 ·
327 2215 515 2276 branarum
536 2232 707 2297 expressa,
728 2217 761 2276 d.
783 2235 817 2276 n.
840 2236 869 2293 9.
890 2212 1037 2294 Utrique
1056 2209 1200 2294 Popilii
1207 2208 1342 2300 forum
1364 2216 1608 2292 emendarunt,
1629 2237 1737 2296 quum

328 2319 367 2382 in
388 2321 532 2383 membr.
554 2319 598 2382 sit
617 2321 737 2383 ANNI.
759 2318 798 2380 in
825 2318 951 2400 quibus
972 2325 1021 2382 est
1042 2316 1147 2379 etiam
1166 2317 1311 2380 MATR.
1325 2359 1350 2380 ..
1363 2362 1370 2379 .
1383 2338 1415 2381 o.
1450 2324 1519 2383 Nos
1542 2327 1616 2383 tuto
1638 2321 1738 2384 dedi·
1857 2387 1860 2404 Ι

328 2445 420 2500 mus,
449 2415 734 2506 matronasque,
767 2443 808 2486 ex
838 2423 973 2503 Nonio,
1004 2422 1067 2503 qui
1097 2431 1208 2484 totum
1236 2423 1337 2484 illud.
1377 2424 1436 2489 Ac
1457 2422 1584 2489 statim
1608 2433 1671 2489 cet.
1693 2445 1735 2488 ex

235 2581 240 2589 .
327 2529 492 2594 Historiis
522 2527 663 2592 Salustii
695 2528 860 2612 protulit3
894 2526 975 2590 vide
994 2528 1034 2588 T.
1055 2529 1098 2589 IL
1129 2529 1182 2591 ed.
1202 2529 1344 2591 Haverc.
1365 2550 1399 2611 p.
1425 2551 1473 2610 79.
1507 2530 1646 2614 Insigne
1668 2532 1736 2593 boc

327 2633 434 2697 Nonii
462 2634 699 2698 testimonium
729 2633 791 2696 illa
812 2632 930 2696 omnia
949 2632 1091 2698 Salustii
1111 2651 1203 2715 esse,
1234 2651 1273 2693 ac
1294 2635 1445 2695 Dounam
1467 2653 1545 2696 vere
1566 2635 1738 2698 divinasse

328 2741 550 2802 demonstrat.
563 2741 685 2802 ΘΑΚ.»
705 2734 903 2804 Picentina
909 2734 1010 2827 juga
1028 2735 1120 2800 dicta
1131 2755 1152 2797 a
1164 2735 1320 2801 Picentia
1330 2739 1416 2800 urbe
1427 2737 1466 2804 in
1476 2745 1627 2801 extrema
1639 2740 1739 2800 Cam-

326 2843 429 2926 pania
441 2843 524 2928 sita,
547 2846 639 2907 unde
649 2843 706 2906 via
719 2843 757 2906 in
774 2844 962 2906 Lucaniam
974 2841 1131 2904 ducebat.
1152 2842 1259 2904 hodie
1275 2841 1399 2905 iisdem
1419 2841 1458 2902 in
1473 2841 1561 2904 locis
1574 2862 1646 2904 non
1658 2863 1741 2926 pro·

328 2947 383 3010 cul
397 2948 476 3010 sinu
493 2948 710 3036 Salernitana
726 2965 834 3029 pagus
848 2946 993 3009 Vicenza
1011 2954 1045 3007 et
1058 2943 1243 3010 vicentino
1261 2944 1385 3021 fluvius
1401 2965 1520 3008 eorum
1536 2946 1739 3010 memoriam

326 3057 462 3116 servant
482 3053 542 3114 cfr.
563 3055 681 3112 Mann.
692 3049 936 3133 Geogr.ltaliae
954 3070 987 3131 p.
999 3051 1070 3129 755.
1085 3050 1277 3114 Eburniani
1295 3057 1429 3116 montes
1441 3052 1484 3113 ab
1508 3047 1631 3116 Eburi
1650 3053 1736 3117 urbe

327 3157 508 3222 derivandi
533 3175 603 3218 esse
630 3154 800 3232 videntur.
838 3152 903 3212 Sed
932 3171 1010 3212 cum
1037 3153 1154 3215 Plinio
1178 3163 1261 3218 teste
1288 3160 1318 3218 ³.
1340 3160 1389 3220 1⁵.
1423 3158 1531 3220 Eburi
1553 3158 1593 3219 in
1621 3159 1738 3222 media

326 3262 495 3343 Lucania,
513 3268 632 3322 contra
642 3261 746 3318 Nares
760 3254 921 3317 Lucaniae
934 3273 1010 3334 quae
1018 3262 1138 3336 postea
1151 3270 1480 3339 commemorantur,
1502 3263 1546 3344 in,
1558 3265 1642 3347 ipsis
1657 3265 1739 3327 fini·

327 3369 410 3444 bus,
429 3365 472 3439 in
491 3364 581 3427 clivo
596 3361 761 3429 Alburni
779 3359 906 3423 montis
923 3359 995 3425 sitae
1017 3345 1149 3437 essent}
1169 3361 1352 3428 Alburnis
1368 3364 1463 3450 jugis
1482 3373 1737 3433 emendandum

328 3472 421 3536 duxi.
441 3468 615 3533 ille'enim
638 3487 737 3532 mons
762 3463 801 3529 in
826 3466 978 3530 confinio
1000 3468 1276 3534 Lucanorumet
1301 3470 1561 3533 Picentinorum
1583 3473 1626 3532 ad
1646 3469 1737 3531 Sila·

328 3599 404 3641 rum
427 3571 570 3640 fluvium
586 3583 620 3638 et
637 3573 797 3637 Auletam
820 3571 988 3656 oppidum
1004 3571 1088 3635 situs
1105 3580 1164 3635 est.
1186 3572 1246 3637 cfr.
1267 3574 1417 3658 Philarg.
1434 3579 1479 3637 ad
1500 3574 1595 3658 Virg.
1611 3574 1736 3659 Georg.

328 3689 358 3747 3.
375 3684 441 3756 146.
457 3673 495 3745 'et
511 3680 633 3742 Cellar.
656 3680 779 3763 Geogr.
803 3678 884 3743 Ant:
899 3680 936 3738 L.
954 3679 997 3739 H.
1015 3698 1043 3744 c.
1055 3678 1113 3738 IX.
1124 3700 1158 3762 p.
1171 3680 1244 3758 905.
1267 3677 1410 3741 Porcell.
1427 3698 1452 3745 s.
1472 3700 1504 3750 v,
1527 3697 1641 3760 neque
1657 3677 1735 3744 fieri

223 3870 226 3876 Ι
265 3833 266 3838 1
327 3790 457 3874 potuit,
479 3793 517 3848 ut
530 3783 696 3848 Salustius
717 3782 757 3845 in
778 3792 849 3846 tam
863 3793 1019 3847 accurata
1043 3781 1179 3846 itineris
1202 3783 1431 3868 fugitivorum
1445 3783 1675 3868 descriptione
1695 3785 1734 3847 in

329 3911 481 3958 errorem
498 3891 726 3954 induceretur.
758 3891 824 3954 Sed
856 3911 934 3952 cum
959 3891 999 3954 in
1024 3893 1082 3956 Ms.
1116 3891 1320 3955 Eburianis
1343 3887 1525 3953 manifesta
1547 3889 1592 3952 sit
1612 3889 1734 3974 lectio,

328 4018 441 4080 neque
457 3996 559 4060 facile
581 3996 810 4081 exputaveris,
831 4016 950 4061 annon
970 3995 1116 4060 consilio
1136 3999 1313 4081 Spartacus
1328 3995 1444 4081 copias
1459 3995 1662 4080 ambagibus
1672 3996 1733 4058 iti·
1794 3987 1798 3998 ’

328 4123 452 4167 nerum
469 4103 572 4168 illum
586 4106 632 4166 ad
650 4093 766 4166 locum
784 4100 938 4186 duxerit,
958 4102 1031 4166 rem
1053 4103 1092 4166 in
1105 4104 1219 4167 medio
1233 4102 1404 4183 relinquo.
1424 4105 1567 4167 Forum
1581 4096 1733 4185 Popilii,

330 4212 430 4290 quod
453 4212 566 4272 adhuc
593 4209 788 4294 legebatur,
818 4208 974 4290 quamvis
1001 4218 1035 4274 et
1062 4209 1187 4273 tabula
1207 4207 1481 4292 Peutingerianae
1501 4216 1535 4270 et
1554 4208 1732 4278 Ptolemaei

330 4311 527 4377 testimonio
548 4314 786 4380 confirmatum
804 4313 869 4394 sit,⁴
886 4322 1001 4378 tamen
1020 4323 1054 4378 et
1074 4315 1188 4399 ipsum
1208 4315 1256 4377 M.
1275 4313 1309 4376 S.
1330 4313 1532 4377 auctoritate
1552 4312 1730 4378 refellitur.
