4334 5354
334 651 377 703 est
398 647 447 702 br.
469 633 583 698 indices
602 634 648 697 bx.
670 636 971 718 premonstratores
995 637 1029 695 in
1050 653 1068 696 e
1087 653 1109 696 u
1130 651 1255 695 erasum.
1267 665 1309 684 -·
1329 637 1356 696 ei
1380 633 1494 697 indices
1513 657 1540 698 u.
1560 638 1683 702 exitium
1702 657 1746 704 n.

331 775 352 798 ι-
367 746 416 808 56.
428 778 447 794 -
466 745 540 806 dum
560 742 617 804 hee
637 763 721 804 rome
740 763 769 806 x.
799 742 916 804 duobus
945 763 1010 805 non
1029 745 1158 826 emplius
1179 722 1304 829 rniliirue
1323 741 1354 802 h.
1378 742 1501 802 milibus
1523 763 1564 805 cz.
1596 756 1631 804 ut
1654 765 1750 826 quern
1805 755 1811 768 '

333 873 414 915 ceren
435 875 462 914 e.
482 869 537 934 per
557 861 673 914 montes
692 872 717 910 r.
745 849 837 912 modo
860 853 991 914 Gellium
1011 867 1109 914 sersus
1129 850 1209 913 horu.
1231 848 1284 931 (in
1305 868 1334 910 x.
1354 853 1396 934 gl.
1416 850 1533 910 scilicet
1555 857 1591 910 ut
1610 849 1747 931 fatigaret

331 959 502 1024 Antonium
531 959 603 1036 suis)
642 993 659 1005 ·
673 961 745 1036 57³
769 958 932 1020 castrinum
962 981 1006 1022 m.
1032 978 1079 1040 pr.
1099 977 1124 1022 u.
1156 969 1251 1022 castre
1270 958 1395 1018 nuntios
1414 954 1497 1020 venit
1516 973 1542 1015 n.
1575 973 1618 1016 m.
1639 974 1697 1018 sec.
1717 964 1748 1016 et

333 1057 457 1148 cethego
478 1071 528 1128 br.
549 1067 695 1128 inlex-cu
727 1063 849 1126 adducit
868 1065 899 1128 b.
934 1076 1051 1128 montes
1072 1087 1096 1126 u.
1117 1067 1285 1149 perfugeret
1305 1085 1332 1125 c.
1364 1057 1569 1146 ex'pcditosin
1589 1059 1694 1146 'iugem
1713 1057 1745 1122 b.

331 1173 374 1256 gi.
394 1175 518 1234 veloces}
539 1207 581 1222 -
610 1171 759 1254 expeditos
780 1174 812 1232 in
835 1173 905 1256 fuge
926 1190 984 1234 cnr.
1014 1178 1228 1236 verterebretur
1248 1195 1290 1236 m.
1310 1191 1357 1255 pra
1386 1179 1556 1253 sequeretur
1575 1189 1618 1230 m.
1639 1185 1697 1230 sec.
1715 1189 1742 1232 z.

333 1281 531 1338 ecsecteusum
553 1299 577 1336 n.
600 1287 760 1359 optumum
782 1279 863 1339 fectu
882 1273 961 1342 beri„
981 1289 1127 1362 temptare
1144 1284 1222 1342 horn
1263 1279 1368 1348 -58.-
1388 1285 1576 1360 compertum
1597 1273 1695 1336 habeo
1715 1279 1747 1339 b.

333 1401 353 1441 o
374 1385 485 1444 milites
506 1404 534 1449 x.
566 1405 601 1444 er
621 1383 728 1444 timido
749 1385 884 1445 cretione
904 1391 936 1447 b.
967 1386 1026 1468 ipsi
1048 1389 1197 1470 nobisque
1223 1385 1338 1468 cladem
1360 1387 1442 1448 hcxz.
1470 1403 1532 1466 quo
1563 1384 1631 1443 loco
1658 1399 1687 1441 x.
1713 1385 1746 1440 it·

333 1509 376 1547 m.
394 1506 441 1568 pr.
455 1489 491 1547 iu
510 1509 575 1570 sup.
590 1490 697 1548 lin-
709 1489 826 1552 unimus
841 1493 936 1553 fuerat
957 1513 986 1560 c.
1009 1505 1125 1578 egestas
1144 1517 1167 1556 n
1182 1506 1218 1557 nt
1233 1497 1304 1557 forti
1319 1517 1346 1556 c.
1363 1491 1530 1572 municipio
1549 1500 1641 1572 etque
1658 1491 1748 1549 colob

245 1633 248 1642 ι
333 1593 390 1652 nise
408 1597 477 1656 box.
498 1593 697 1676 adgredimini
716 1600 750 1657 b.
769 1615 825 1676 pro
845 1607 911 1680 pot.
932 1618 1023 1681 punc·
1044 1619 1177 1683 pugnare
1195 1607 1245 1662 hx.
1267 1621 1383 1682 sperare
1403 1601 1578 1658 salutemur
1599 1594 1748 1658 his-men

312 1713 394 1777 per.
415 1710 458 1760 est
477 1704 511 1760 b.»
530 1701 567 1759 iis
588 1721 664 1765 mer.
686 1723 713 1764 c.
733 1715 832 1765 cavete
856 1721 895 1764 ne
914 1724 939 1763 z.
961 1715 1114 1766 eruentem
1134 1725 1163 1766 x.
1202 1706 1303 1786 -59.·
1321 1701 1432 1764 dehinc
1453 1723 1480 1763 c.
1502 1703 1615 1761 montis
1636 1713 1678 1759 mn
1698 1700 1745 1778 pr'.

278 1793 279 1796 ¹
330 1823 355 1862 n.
378 1823 396 1862 a
417 1804 572 1866 dextreex.
593 1806 710 1868 dextere
730 1827 754 1869 e.
776 1811 876 1871 omnis
889 1831 931 1869 m·
944 1830 991 1888 pr.
1001 1831 1026 1869 z.
1048 1828 1064 1867 e
1084 1829 1150 1890 supe
1172 1803 1486 1872 lin-revocetur.
1507 1810 1654 1869 tumultus
1667 1810 1748 1866 bcxz.

332 1909 478 1968 circuiens
497 1915 530 1971 b.
550 1913 680 1972 inermes
699 1917 782 1972 bore.
804 1933 874 1971 curn
895 1913 1060 1990 magnoin
1081 1933 1124 1972 ex.
1146 1913 1242 1992 gloria
1262 1921 1400 1992 eoique
1420 1911 1574 1990 profectus
1595 1929 1623 1968 x.
1648 1910 1750 1970 -fiou

331 2014 468 2070 arcessire
488 2031 513 2070 e.
546 2033 574 2072 c.
596 2035 639 2072 m.
659 2033 707 2094 pr.
728 2035 744 2073 e
763 2035 827 2094 sup.
849 2017 905 2076 lin.
926 2035 1066 2076 arcessere
1086 2021 1117 2076 b.
1149 2035 1286 2097 pugnare
1303 2020 1369 2096 ipse
1387 2033 1463 2094 saepe
1481 2033 1511 2072 x.
1545 2015 1697 2073 interfecit
1715 2019 1748 2073 b.

254 2115 257 2125 “
333 2124 443 2176 ceteros
464 2115 637 2197 adgreditur
653 2117 786 2183 cx..Gnt.
808 2119 890 2182 videt
910 2138 1026 2180 mernor
1046 2141 1087 2182 ce.
1108 2121 1212 2182 -61.-
1233 2119 1329 2180 animi
1348 2121 1430 2181 vien
1452 2119 1628 2200 quantavis
1648 2137 1699 2179 nn.
1719 2109 1748 2180 ι.
1840 2159 1842 2162 -

332 2225 434 2282 locum
456 2241 549 2304 pugn.
567 2225 653 2287 tirus
674 2230 844 2305 coeperetlu
867 2245 943 2308 quos
966 2225 1080 2287 medios
1099 2231 1181 2288 bcxz.
1202 2246 1222 2286 n
1239 2227 1301 2285 suis
1320 2234 1453 2307 repertus
1473 2235 1519 2284 est
1537 2227 1571 2284 b.
1588 2225 1688 2285 vivens
1709 2225 1744 2284 in

330 2329 416 2386 voltu
436 2347 460 2383 r.
482 2329 534 2407 qui
554 2349 571 2386 e
591 2331 693 2390 cestris
715 2351 742 2389 c.
761 2347 821 2397 ern.
842 2333 895 2390 elii
915 2329 1064 2412 hospitem
1086 2349 1117 2396 x.
1138 2331 1351 2414 repperiebant
1367 2333 1417 2392 be.
1437 2339 1682 2412 recognoscerent
1700 2349 1746 2390 ex.

333 2441 544 2513 cognoscerent
565 2453 598 2493 re
615 2453 680 2514 sup.
701 2437 758 2494 lin.
777 2456 801 2498 n.
823 2437 856 2496 in
876 2439 939 2499 fine
959 2435 1037 2503 God.
1060 2457 1084 2498 n.
1105 2435 1170 2498 haec
1187 2439 1315 2519 scriptae
1343 2435 1512 2498 Cutilinnrii
1531 2436 1604 2496 belli
1625 2435 1747 2516 explicit

332 2536 409 2598 iiber
428 2541 544 2619 primns
562 2537 679 2600 Bellum
697 2539 916 2624 Jugurthinnur
936 2541 1051 2626 incipit
1273 2534 1276 2544 ¹
1405 2557 1408 2562 '

413 2644 567 2727 Jugurttzo
599 2665 686 2708 ·r.-
705 2651 858 2710 imbecille
878 2653 960 2712 berz.
995 2650 1169 2710 mortalium
1189 2655 1256 2712 vite
1275 2669 1301 2711 ι.
1329 2660 1407 2710 sorte
1426 2649 1456 2709 u
1490 2649 1619 2708 fortunee
1639 2656 1704 2728 eget
1722 2667 1748 2708 z.

334 2750 446 2829 quippe
468 2773 525 2831 que
536 2751 567 2810 b.
588 2754 677 2813 etiem
699 2755 731 2814 in
746 2775 773 2812 z.-
793 2777 835 2814 ur.
855 2775 902 2834 pr.
924 2766 1043 2834 tempus
1062 2757 1165 2829 etatis,
1187 2765 1254 2814 ntes
1274 2757 1432 2837 ingenium
1446 2773 1472 2812 n.
1492 2751 1545 2812 sed
1566 2752 1661 2811 etuti
1680 2773 1745 2833 sup.

331 2853 387 2926 tin.
409 2863 483 2912 cetus
502 2857 534 2913 in
557 2858 691 2938 margine
710 2890 752 2906 —-
772 2845 859 2916 suurn
880 2858 994 2934 quique
1015 2860 1140 2932 culpam·
1158 2850 1239 2915 n'cxz.
1270 2866 1382 2913 actores
1403 2874 1444 2912 cz.
1471 2857 1505 2913 in
1528 2873 1625 2935 marg·
1644 2846 1749 2938 opere*

331 2967 419 3019 tores.
437 2963 528 3020 etiem
541 2963 574 3018 in
585 2961 616 3018 b.
637 2971 695 3018 aot.
716 2979 737 3016 n
757 2960 838 3014 enirn
851 2975 1030 3016 eresumt-
1042 2959 1198 3035 multaque
1219 2958 1310 3042 etiarn
1330 2977 1373 3022 cx.
1388 2975 1413 3017 n.
1434 2977 1476 3021 m,
1494 2975 1544 3038 pr.
1565 2962 1662 3018 multo
1683 2961 1712 3020 b.
1724 2983 1748 3023 r.

333 3083 376 3120 m.
396 3081 455 3120 sec.
494 3081 578 3119 ·2.-
598 3079 690 3140 genno
711 3059 881 3118 humanum
901 3080 928 3119 x.
962 3069 1105 3119 secuntur
1123 3058 1156 3118 b.
1184 3057 1395 3139 hujuscemodi
1415 3061 1590 3126 dilabuntur
1609 3085 1637 3127 x.
1658 3064 1750 3126 habet

309 3173 312 3180 '
333 3174 422 3244 etque
442 3164 503 3244 egit
516 3163 547 3222 b.
567 3163 671 3241 utique
692 3164 754 3222 tuti
763 3162 811 3222 bx.
832 3164 867 3220 in
880 3184 906 3224 z.
926 3155 972 3225 nit
992 3174 1022 3224 et
1042 3165 1101 3226 tuti
1114 3181 1179 3247 sup.
1191 3169 1247 3226 iin.
1260 3201 1302 3218 -
1320 3169 1405 3232 eliud
1425 3169 1577 3252 fatigando
1590 3189 1615 3230 e.
1636 3174 1709 3236 sein
1731 3195 1749 3234 e

333 3287 399 3348 sup.
420 3269 474 3327 lin.
498 3266 567 3349 (sed
588 3287 656 3326 curn
678 3268 711 3326 in
732 3287 756 3325 z.
778 3267 862 3328 uliud
881 3270 915 3330 in
934 3271 996 3330 fine
1014 3289 1112 3331 versus
1132 3267 1277 3354 scriptum
1298 3277 1352 3354 sit,
1373 3278 1521 3336 incertum
1542 3287 1603 3359 est,
1623 3299 1697 3339 num
1718 3299 1748 3340 se

332 3376 451 3438 incuria
470 3375 586 3434 librarii
606 3373 766 3454 exciderit)
810 3394 891 3449 -4.-
912 3385 1058 3437 exstnmet
1077 3399 1102 3439 n.
1134 3381 1266 3441 condivis
1286 3383 1297 3440 i
1318 3398 1384 3464 sup.
1405 3382 1460 3439 lin.
1474 3393 1507 3440 u.
1525 3385 1749 3462 magistratum

334 3479 408 3538 adn.
429 3480 528 3541 audivi
547 3479 642 3562 egoh.
665 3480 854 3562 edeqnuritz.
876 3501 918 3540 nr.
931 3502 985 3563 pr.
1006 3501 1044 3543 ne
1063 3503 1130 3564 sup.
1152 3487 1209 3544 lin.
1223 3517 1265 3534 -
1284 3485 1409 3566 perinde
1430 3486 1514 3565 quasi
1535 3505 1563 3546 x.
1577 3503 1602 3544 u.
1625 3507 1666 3545 nu
1688 3501 1747 3549 sect

333 3585 462 3666 proinde
472 3584 652 3647 haberentur
660 3609 688 3648 x.
698 3607 722 3646 z.
733 3609 773 3647 m.
785 3609 817 3669 p.
824 3585 876 3647 sed
886 3576 944 3648 sec.
952 3585 1077 3668 perinde
1085 3580 1367 3653 emendarit-*ens
1377 3590 1535 3650 sentiment
1547 3599 1576 3650 x-.'
1595 3595 1671 3654 -ie
1691 3592 1746 3652 dee

333 3687 409 3751 irinc
429 3693 500 3773 quie
518 3698 563 3757 bz.
597 3696 730 3775 primum
762 3704 838 3754 tuno
853 3698 917 3754 hze.
954 3692 1108 3757 obviatum
1131 3704 1174 3755 est
1194 3714 1222 3756 x.
1254 3698 1299 3757 nti
1319 3697 1426 3758 studiis
1446 3717 1471 3756 r.
1506 3687 1659 3778 expediam
1679 3702 1743 3760 bru.

336 3798 420 3879 quod
440 3799 479 3866 ad
500 3821 525 3859 z.
549 3800 631 3880 quod
651 3799 742 3862 duxn.
758 3803 935 3882 (utrumque
955 3800 984 3862 d.
1006 3813 1120 3883 puncto
1142 3787 1220 3881 noti)
1241 3801 1512 3886 carthaginentinrn
1535 3803 1565 3863 b.
1587 3805 1620 3864 in
1640 3805 1747 3866 nmini*

336 3904 409 3962 tiam
431 3927 458 3966 c.
490 3909 545 3965 fec.
568 3908 611 3966 rei
633 3908 711 3966 mitit
731 3907 762 3969 h.
798 3906 897 3968 sufece
917 3928 941 3968 z.
975 3919 1004 3969 et
1024 3913 1064 3968 ob
1085 3922 1174 3990 cepto
1195 3911 1283 3970 siface
1303 3910 1338 3969 he
1366 3917 1583 3994 jugurtemque'
1597 3913 1697 3972 fliium
1718 3931 1745 3972 e.

336 4013 435 4072 iiiinm
465 4013 676 4074 mestenabelis
705 4015 801 4075 fratris
821 4037 845 4080 r.
878 4015 977 4077 fllium
999 4027 1123 4077 manent.
1144 4016 1174 4082 b.
1206 4018 1353 4078 masiniss.
1377 4033 1474 4098 quem·
1488 4018 1518 4077 b.
1553 4018 1681 4101 dereliqi
1697 4018 1745 4084 bn·

336 4119 421 4178 -6..-
443 4119 516 4178 feres
537 4121 608 4178 alies
625 4119 656 4178 ir.
685 4123 751 4200 quis
771 4127 858 4184 rebus
876 4139 902 4186 n.
928 4124 1026 4205 parvis
1048 4122 1148 4184 liberis
1168 4125 1226 4184 suis
1246 4145 1279 4184 c.»
1313 4145 1392 4205 ·7.-
1411 4127 1541 4204 praefecit
1566 4127 1654 4185 ilium
1669 4111 1745 4184 'nu-‘i

336 4224 427 4286 nuidis
448 4245 476 4285 x.
490 4226 528 4285 =in
549 4223 686 4306 hispanie
706 4247 739 4285 κ.
759 4225 836 4288 Nem
856 4231 902 4291 vir
921 4238 983 4313 jug.
1004 4233 1036 4290 b.
1063 4251 1094 4311 p.
1116 4214 1259 4310 scipionis
1280 4249 1336 4292 cxr„
1358 4237 1431 4292 tunc
1451 4221 1664 4312 b.'impcret'nt
1680 4234 1745 4288 mi

338 4345 364 4386 n.
383 4333 502 4394 obviem
524 4334 665 4415 perieulis
686 4333 787 4396 eundo
805 4355 831 4396 x.
853 4357 922 4400 curn
943 4315 977 4400 in
1000 4336 1062 4398 dics
1083 4355 1127 4399 cx.
1149 4339 1215 4418 quis
1234 4341 1322 4399 rebus
1343 4359 1383 4403 cr.
1406 4340 1516 4420 quibus
1536 4357 1562 4400 r.·
1582 4337 1629 4400 bx.
1644 4331 1745 4398 ··³48.‘2

1421 4441 1446 4496 d
