4334 5354
199 1167 210 1212 .·
312 1143 508 1208 sALusrn
528 1138 840 1206 Hrsronnsnuu
861 1145 940 1206 tre.
961 1136 1021 1206 111.
1043 1135 1312 1204 FRAGMENTA
1332 1141 1360 1204 A
1381 1129 1641 1204 narrantem

493 1250 718 1313 merosus
737 1251 890 1312 Psssnu
910 1249 1147 1312 EMENDATA
1166 1250 1224 1310 nr
1243 1247 1473 1308 suerrum.

280 1453 381 1474 .....
401 1414 483 1471 nitor
506 1431 588 1494 aere,
614 1411 724 1492 quibus
751 1423 867 1493 praeter
892 1415 1020 1491 speciem
1047 1410 1128 1470 bell'o
1151 1410 1343 1470 necessariam
1370 1408 1451 1470 haud
1480 1411 1576 1467 multo
1602 1421 1684 1468 secus

282 1535 372 1596 quam
394 1517 470 1574 ferro
491 1517 591 1575 noceri
605 1526 733 1595 poterat.
752 1515 791 1574 At
803 1511 954 1590 Vatinius,
974 1517 1047 1576 d'um
1067 1515 1144 1576 baec
1162 1525 1327 1597 aguntnre
1349 1511 1491 1596 fugitivis,
1512 1533 1597 1594 aegra
1617 1528 1689 1592 par-

281 1629 309 1680 te
331 1621 460 1680 militum
481 1622 619 1680 autumni
639 1623 803 1702 gravitate,
825 1641 921 1701 neque
941 1639 978 1682 ex
995 1633 1148 1700 postrema·
1164 1623 1252 1704 luga',
1272 1633 1340 1680 cum
1361 1632 1460 1682 severo
1481 1617 1578 1678 edicto
1599 1616 1688 1676 iube·

279 1733 399 1799 rentur,
425 1726 494 1784 ullis
515 1725 554 1784 ad
574 1727 658 1806 signa
679 1725 869 1785 redeuntibus
890 1738 934 1801 et,
964 1728 1017 1806 qni
1037 1728 1152 1802 reliqui
1167 1736 1270 1804 erant,
1287 1743 1344 1804 per
1362 1745 1480 1784 summa
1499 1723 1612 1806 ll'agitia
1633 1720 1694 1782 de-·

278 1829 474 1889 tractantibus
502 1830 658 1904 militiam,
687 1838 865 1908 quaestorem
891 1843 978 1879 suum
1000 1824 1036 1877 G.
1056 1821 1259 1891 Thoranium,
1287 1841 1322 1876 ex
1350 1847 1412 1898 quo
1437 1839 1591 1900 praesente
1620 1845 1690 1889 vera

278 1931 419 1991 facillime
440 1945 651 1998 noscerentur,
680 1931 808 1983 miserat.
827 1923 868 1980 Et
885 1932 984 1979 tamen
1005 1922 1126 1978 interim
1148 1933 1217 1977 cnm
1237 1921 1426 1994 volentibus,
1453 1943 1578 1983 numero
1600 1936 1689 2006 quat-

279 2040 356 2087 tuor·
369 2029 505 2105 milium,
530 2026 627 2104 pergit
647 2028 690 2083 od
709 2034 809 2083 eostre
820 2021 1027 2104 fugitivorum·
1041 2022 1158 2098 magnis
1179 2022 1319 2102 operibus
1340 2026 1537 2087 communito.
1571 2027 1687 2090 Deind'e

279 2131 396 2212 fugitivi
402 2169 415 2202 ‚
435 2132 613 2208 consumptis
633 2129 692 2186 iam
714 2129 881 2199 alimentis,
907 2145 946 2186 ne
965 2125 1179 2206 praedantibus
1201 2147 1235 2186 ex
1254 2129 1422 2208 propinquo
1443 2129 1537 2191 bostis
1556 2132 1688 2214 instaret,

279 2237 360 2295 soliti
386 2253 470 2294 more
497 2233 610 2293 militiae
638 2233 754 2313 vigilias
780 2231 974 2312 stationesque
1002 2242 1032 2290 et
1058 2233 1119 2291 alia
1145 2232 1249 2291 munia
1278 2233 1404 2312 exsequi,
1430 2236 1559 2296 secunda
1584 2239 1687 2318 vigilia

281 2339 375 2400 noetr's
402 2339 506 2399 cuncti
532 2337 733 2420 egrediuntur.
765 2335 882 2396 Relicto
908 2333 1145 2396 buccinatore
1126 2357 1163 2396 sn
1178 2335 1280 2398 cornia
1305 2349 1335 2397 et
1361 2339 1406 2398 ad
1420 2342 1545 2423 vigilum
1564 2341 1687 2421 rpeciem

279 2447 386 2526 procul
411 2443 569 2505 visentibus
595 2451 746 2502 erexerant
776 2441 856 2502 fulto
881 2440 1034 2500 arboribus
1062 2443 1192 2502 recentia
1222 2445 1374 2506 cadavera
1404 2454 1433 2507 et
1460 2446 1619 2507 crebros
1609 2448 1688 2529 ignis

272 2549 425 2624 fecerent.
445 2546 620 2608 Formidini
636 2583 993 2614 ............
994 2545 1140 2608 Varini
1168 2586 1334 2612 000000
1335 2597 1336 2600 ,
1355 2590 1519 2612 ......
1524 2589 1549 2612 ν.
1572 2592 1612 2613 .=.
1631 2595 1640 2613 .
1661 2556 1686 2614 ti

282 2806 290 2821 .
315 2798 350 2818 ..
374 2797 385 2815 .
404 2795 600 2819 .......
601 2791 626 2819 ’.
647 2777 681 2818 sa
701 2794 928 2824 ........
948 2753 1037 2822 inviis
1058 2773 1239 2823 convertere.
1283 2760 1324 2822 At
1343 2761 1604 2823 Variniismulta
1625 2764 1691 2822 iam

277 2861 350 2919 luce*
357 2860 524 2921 desiderans
536 2864 625 2922 solita
643 2881 661 2916 a
681 2860 815 2933 fugitivis
831 2865 968 2914 οοητίσὶα
987 2865 1017 2911 et
1036 2862 1069 2911 iii
1084 2861 1190 2916 'costra
1209 2861 1360 2918 coniectus
1382 2861 1529 2940 lapidum,
1550 2865 1592 2922 od
1611 2867 1692 2927 baec·

276 2960 414 3038 strepitus
442 2955 618 3017 tumultuosi
643 2974 765 3016 sonores
792 2955 929 3032 undique
953 2957 1166 3033 praedantium
1176 2989 1195 3032 ,ι
1215 2960 1309 3018 mittit
1334 2964 1447 3041 equites
1475 2965 1509 3024 in
1537 2970 1687 3033 tumulum·

276 3064 389 3122 circum
410 3058 649 3139 prominentem,
676 3067 711 3116 ut
731 3059 915 3137 explorarent
937 3095 1128 3120 .......
1150 3081 1183 3141 s,
1202 3077 1328 3145 propere
1347 3067 1473 3148 vestigio
1490 3082 1603 3134 secutos
1621 3093 1687 3137 ere·

277 3164 355 3223 dene
369 3167 401 3222 lo
421 3198 647 3224 ........
669 3167 732 3220 toto
764 3157 864 3222 nmen
891 3159 1010 3244 agmine
1029 3203 1253 3228 ........
1272 3189 1381 3251 parens
1401 3193 1432 3234 se

279 3305 409 3326 .....
428 3264 1187 3344 mdupli...·....1.....1.tumas..‹
1219 3315 1221 3318 -

279 3513 533 3534 .........
552 3472 623 3534 Post
642 3474 758 3554 aliquot
778 3473 840 3533 dies
865 3487 970 3536 contra
999 3497 1113 3538 morem
1141 3478 1253 3540 fiducia
1281 3487 1382 3565 augeri
1403 3493 1511 3547 nostris
1533 3494 1633 3574 coepit
1654 3507 1685 3556 et

279 3579 378 3658 promi
399 3579 513 3660 lingua.
533 3581 602 3658 Qua
621 3579 765 3643 Vatinius
784 3591 888 3640 contra
908 3591 1065 3659 spectatam
1088 3604 1150 3643 rem
1171 3585 1290 3658 incaute
1311 3599 1409 3650 motus
1430 3611 1523 3653 novos
1542 3597 1684 3680 incogni-

278 3693 382 3763 tosque
408 3692 438 3742 et
465 3683 592 3742 aliorum
623 3683 738 3743 casibus
766 3687 917 3769 perculsos
943 3687 1051 3746 milites
1077 3688 1163 3748 d'ucit
1188 3699 1287 3751 tamen
1314 3690 1353 3754 ad
1373 3707 1468 3756 castra
1489 3699 1683 3780 lugitivorum

278 3806 379 3869 presso
399 3786 513 3868 pedu,
542 3789 654 3848 silentis
675 3788 753 3864 iam,
779 3810 876 3872 neque
897 3801 957 3850 tam
981 3796 1138 3876 magnilica
1153 3799 1297 3857 sumentis
1318 3803 1487 3880 proelium,
1518 3826 1609 3885 quam
1629 3827 1687 3887 po-
1799 3857 1819 3868 -

276 3896 468 3957 stulaverent.
489 3892 583 3975 sitque
602 3893 649 3952 illi
670 3896 828 3954 certamine
849 3897 968 3955 consilii
988 3899 1067 3958 inter
1083 3921 1113 3960 sa
1134 3901 1214 3961 iusta
1233 3903 1409 3966 seditionem
1431 3921 1524 3986 erant,
1546 3912 1634 3974 Crixo
1655 3925 1686 3976 ct

277 3999 373 4078 gentis
401 3998 531 4057 eiusdem
554 3998 647 4058 Gallis
676 4009 766 4080 atque
794 3999 950 4066 Germanis
964 4001 1095 4066 „obviam
1124 4007 1167 4066 ire
1196 4017 1225 4068 et
1246 4012 1326 4070 ultro
1350 4011 1455 4072 oilirre
1476 4035 1609 4098 pugnam
1631 4039 1703 4092 cum

278 4099 448 4182 pientibus,
467 4111 572 4162 contra
591 4103 731 4183 Spartaco
751 4140 1138 4171 ·············
1143 4151 1144 4154 =
1158 4150 1290 4175 ......
1311 4117 1345 4176 ni
1365 4137 1466 4180 secum

281 4327 339 4390 qne
359 4313 439 4372 seclu
459 4350 844 4376 .............
866 4333 896 4373 m
918 4317 1040 4376 etcxtin
1061 4357 1379 4391 ...........
1382 4365 1404 4390 ι.
1427 4332 1438 4388 l
1460 4348 1561 4390 curam
1582 4350 1622 4393 .¹.
1642 4375 1683 4398 ..
1727 4342 1731 4351 '

281 4451 540 4482 .........
558 4409 1690 4513 ruothardi-...uun,equaquamc...........

1339 4517 1394 4605 ie
