<?xml version="1.0" encoding="UTF-8"?>
<!DOCTYPE html PUBLIC "-//W3C//DTD XHTML 1.0 Transitional//EN"
    "http://www.w3.org/TR/xhtml1/DTD/xhtml1-transitional.dtd">
<html xmlns="http://www.w3.org/1999/xhtml" xml:lang="en" lang="en">
 <head>
  <title>
</title>
<meta http-equiv="Content-Type" content="text/html;charset=utf-8" />
  <meta name='ocr-system' content='tesseract 3.04.00' />
  <meta name='ocr-capabilities' content='ocr_page ocr_carea ocr_par ocr_line ocrx_word'/>
</head>
<body>
  <div class='ocr_page' id='page_1' title='image "./ccrispisalustii01sallgoog_0378.png"; bbox 0 0 4334 5354; ppageno 0'>
   <div class='ocr_carea' id='block_1_1' title="bbox 364 459 587 649">
    <p class='ocr_par' dir='ltr' id='par_1_1' title="bbox 364 459 587 649">
     <span class='ocr_line' id='line_1_1' title="bbox 364 459 587 649; baseline -0.018 -43"><span class='ocrx_word' id='word_1_1' title='bbox 364 459 483 630; x_wconf 37' lang='lat' dir='ltr'><strong>Sps*</strong></span> <span class='ocrx_word' id='word_1_2' title='bbox 584 641 587 649; x_wconf 74' lang='lat'>‚</span> 
     </span>
    </p>
   </div>
   <div class='ocr_carea' id='block_1_2' title="bbox 350 686 1783 1016">
    <p class='ocr_par' dir='ltr' id='par_1_2' title="bbox 350 686 1783 1016">
     <span class='ocr_line' id='line_1_2' title="bbox 363 686 1782 798; baseline -0.004 -10"><span class='ocrx_word' id='word_1_3' title='bbox 363 735 483 788; x_wconf 78' lang='lat' dir='ltr'><strong>senetur</strong></span> <span class='ocrx_word' id='word_1_4' title='bbox 494 725 637 784; x_wconf 88' lang='lat' dir='ltr'><strong>decreto·-</strong></span> <span class='ocrx_word' id='word_1_5' title='bbox 650 721 859 782; x_wconf 70' lang='lat' dir='ltr'><strong>sesterciornm</strong></span> <span class='ocrx_word' id='word_1_6' title='bbox 880 717 1008 778; x_wconf 79' lang='lat' dir='ltr'>ducenta</span> <span class='ocrx_word' id='word_1_7' title='bbox 1020 686 1105 776; x_wconf 84' lang='lat' dir='ltr'><strong>milia</strong></span> <span class='ocrx_word' id='word_1_8' title='bbox 1117 747 1132 758; x_wconf 93' lang='lat'>-</span> <span class='ocrx_word' id='word_1_9' title='bbox 1153 718 1199 776; x_wconf 88' lang='lat' dir='ltr'><strong>uti</strong></span> <span class='ocrx_word' id='word_1_10' title='bbox 1220 713 1400 798; x_wconf 76' lang='lat' dir='ltr'><strong>gladiatoriae</strong></span> <span class='ocrx_word' id='word_1_11' title='bbox 1413 747 1431 760; x_wconf 94' lang='lat'><strong>·</strong></span> <span class='ocrx_word' id='word_1_12' title='bbox 1452 717 1503 778; x_wconf 69' lang='lat' dir='ltr'><strong>sn.</strong></span> <span class='ocrx_word' id='word_1_13' title='bbox 1524 716 1682 798; x_wconf 83' lang='lat' dir='ltr'><strong>trepidare,</strong></span> <span class='ocrx_word' id='word_1_14' title='bbox 1702 721 1782 782; x_wconf 84' lang='lat' dir='ltr'><strong>lesti-</strong></span> 
     </span>
     <span class='ocr_line' id='line_1_3' title="bbox 350 814 1783 903; baseline -0.002 -17"><span class='ocrx_word' id='word_1_15' title='bbox 350 853 437 892; x_wconf 84' lang='lat' dir='ltr'><strong>.nare</strong></span> <span class='ocrx_word' id='word_1_16' title='bbox 456 862 472 874; x_wconf 90' lang='lat'>-</span> <span class='ocrx_word' id='word_1_17' title='bbox 492 847 598 885; x_wconf 87' lang='lat' dir='ltr'><strong>manus</strong></span> <span class='ocrx_word' id='word_1_18' title='bbox 619 826 658 891; x_wconf 79' lang='lat' dir='ltr'><strong>ael</strong></span> <span class='ocrx_word' id='word_1_19' title='bbox 679 828 787 886; x_wconf 89' lang='lat' dir='ltr'><strong>coelum</strong></span> <span class='ocrx_word' id='word_1_20' title='bbox 808 826 957 903; x_wconf 81' lang='lat' dir='ltr'><strong>supplices</strong></span> <span class='ocrx_word' id='word_1_21' title='bbox 969 853 985 866; x_wconf 93' lang='lat'><strong>·</strong></span> <span class='ocrx_word' id='word_1_22' title='bbox 1005 825 1143 902; x_wconf 81' lang='lat' dir='ltr'><strong>porrulos</strong></span> <span class='ocrx_word' id='word_1_23' title='bbox 1165 821 1275 886; x_wconf 84' lang='lat' dir='ltr'><strong>liberos</strong></span> <span class='ocrx_word' id='word_1_24' title='bbox 1293 822 1443 899; x_wconf 76' lang='lat' dir='ltr'><strong>·,ploucia</strong></span> <span class='ocrx_word' id='word_1_25' title='bbox 1462 814 1481 867; x_wconf 74' lang='grc'><strong>’-</strong></span> <span class='ocrx_word' id='word_1_26' title='bbox 1499 831 1530 880; x_wconf 88' lang='lat' dir='ltr'><strong>et</strong></span> <span class='ocrx_word' id='word_1_27' title='bbox 1550 834 1585 882; x_wconf 90' lang='lat' dir='ltr'><strong>ut</strong></span> <span class='ocrx_word' id='word_1_28' title='bbox 1603 825 1649 882; x_wconf 87' lang='lat' dir='ltr'><strong>sui</strong></span> <span class='ocrx_word' id='word_1_29' title='bbox 1671 871 1686 884; x_wconf 94' lang='lat'>.</span> <span class='ocrx_word' id='word_1_30' title='bbox 1707 827 1783 886; x_wconf 83' lang='lat' dir='ltr'><strong>sierit</strong></span> 
     </span>
     <span class='ocr_line' id='line_1_4' title="bbox 363 925 1782 1016; baseline 0 -24"><span class='ocrx_word' id='word_1_31' title='bbox 363 935 462 1016; x_wconf 82' lang='lat' dir='ltr'><strong>jurgio</strong></span> <span class='ocrx_word' id='word_1_32' title='bbox 483 964 496 976; x_wconf 91' lang='lat'>-</span> <span class='ocrx_word' id='word_1_33' title='bbox 527 931 639 1012; x_wconf 86' lang='lat' dir='ltr'><strong>patrib.</strong></span> <span class='ocrx_word' id='word_1_34' title='bbox 661 951 688 991; x_wconf 86' lang='lat' dir='ltr'><strong>c.</strong></span> <span class='ocrx_word' id='word_1_35' title='bbox 710 952 748 987; x_wconf 83' lang='lat' dir='ltr'><strong>m.</strong></span> <span class='ocrx_word' id='word_1_36' title='bbox 770 949 816 1007; x_wconf 88' lang='lat' dir='ltr'><strong>pr.</strong></span> <span class='ocrx_word' id='word_1_37' title='bbox 835 929 897 1006; x_wconf 79' lang='lat' dir='ltr'><strong>(res</strong></span> <span class='ocrx_word' id='word_1_38' title='bbox 916 926 1001 1008; x_wconf 80' lang='lat' dir='ltr'><strong>erepit</strong></span> <span class='ocrx_word' id='word_1_39' title='bbox 1022 949 1089 1006; x_wconf 84' lang='lat' dir='ltr'><strong>sup.</strong></span> <span class='ocrx_word' id='word_1_40' title='bbox 1109 929 1165 1005; x_wconf 77' lang='lat' dir='ltr'><strong>lin.</strong></span> <span class='ocrx_word' id='word_1_41' title='bbox 1185 955 1202 974; x_wconf 91' lang='lat'><strong>·</strong></span> <span class='ocrx_word' id='word_1_42' title='bbox 1237 928 1279 986; x_wconf 83' lang='lat' dir='ltr'><strong>ita</strong></span> <span class='ocrx_word' id='word_1_43' title='bbox 1299 947 1330 985; x_wconf 89' lang='lat' dir='ltr'><strong>se</strong></span> <span class='ocrx_word' id='word_1_44' title='bbox 1350 925 1389 984; x_wconf 84' lang='lat' dir='ltr'><strong>ab</strong></span> <span class='ocrx_word' id='word_1_45' title='bbox 1406 957 1433 1008; x_wconf 26' lang='lat'><strong>¹-</strong></span> <span class='ocrx_word' id='word_1_46' title='bbox 1465 946 1625 988; x_wconf 90' lang='lat' dir='ltr'><strong>cumeum</strong></span> <span class='ocrx_word' id='word_1_47' title='bbox 1649 932 1782 992; x_wconf 81' lang='lat' dir='ltr'><strong>salvaret.</strong></span> 
     </span>
    </p>
   </div>
   <div class='ocr_carea' id='block_1_3' title="bbox 174 1012 1787 1128">
    <p class='ocr_par' dir='ltr' id='par_1_3' title="bbox 174 1012 1787 1128">
     <span class='ocr_line' id='line_1_5' title="bbox 174 1012 1787 1128; baseline -0.002 -30"><span class='ocrx_word' id='word_1_48' title='bbox 174 1035 176 1042; x_wconf 68' lang='lat'>&#39;</span> <span class='ocrx_word' id='word_1_49' title='bbox 285 1071 297 1082; x_wconf 48' lang='lat' dir='ltr'>a</span> <span class='ocrx_word' id='word_1_50' title='bbox 365 1041 505 1114; x_wconf 78' lang='lat' dir='ltr'><strong>(servaret</strong></span> <span class='ocrx_word' id='word_1_51' title='bbox 525 1053 591 1113; x_wconf 83' lang='lat' dir='ltr'><strong>sup.</strong></span> <span class='ocrx_word' id='word_1_52' title='bbox 611 1036 682 1112; x_wconf 89' lang='lat' dir='ltr'><strong>lin.)</strong></span> <span class='ocrx_word' id='word_1_53' title='bbox 712 1046 819 1114; x_wconf 56' lang='lat' dir='ltr'><strong>sque</strong></span> <span class='ocrx_word' id='word_1_54' title='bbox 840 1033 962 1112; x_wconf 87' lang='lat' dir='ltr'><strong>quidem</strong></span> <span class='ocrx_word' id='word_1_55' title='bbox 988 1064 1004 1076; x_wconf 94' lang='lat'><strong>·</strong></span> <span class='ocrx_word' id='word_1_56' title='bbox 1034 1033 1083 1096; x_wconf 82' lang='lat'><strong>32.</strong></span> <span class='ocrx_word' id='word_1_57' title='bbox 1106 1036 1255 1112; x_wconf 87' lang='lat' dir='ltr'><strong>optimum</strong></span> <span class='ocrx_word' id='word_1_58' title='bbox 1277 1012 1392 1096; x_wconf 60' lang='lat' dir='ltr'><strong>factm·</strong></span> <span class='ocrx_word' id='word_1_59' title='bbox 1422 1043 1549 1128; x_wconf 73' lang='lat' dir='ltr'><strong>possunt</strong></span> <span class='ocrx_word' id='word_1_60' title='bbox 1569 1063 1586 1077; x_wconf 95' lang='lat'>-</span> <span class='ocrx_word' id='word_1_61' title='bbox 1611 1022 1787 1114; x_wconf 75' lang='lat' dir='ltr'><strong>&#39;geruntrn‚,</strong></span> 
     </span>
    </p>
   </div>
   <div class='ocr_carea' id='block_1_4' title="bbox 332 1135 1883 4058">
    <p class='ocr_par' dir='ltr' id='par_1_4' title="bbox 332 1135 1883 3005">
     <span class='ocr_line' id='line_1_6' title="bbox 364 1135 1784 1226; baseline -0.004 -21"><span class='ocrx_word' id='word_1_62' title='bbox 364 1145 526 1226; x_wconf 76' lang='lat' dir='ltr'><strong>manlius·</strong></span> <span class='ocrx_word' id='word_1_63' title='bbox 547 1141 595 1202; x_wconf 77' lang='lat'><strong>33.</strong></span> <span class='ocrx_word' id='word_1_64' title='bbox 616 1141 713 1221; x_wconf 85' lang='lat' dir='ltr'><strong>patria</strong></span> <span class='ocrx_word' id='word_1_65' title='bbox 727 1169 744 1184; x_wconf 88' lang='lat'><em>-</em></span> <span class='ocrx_word' id='word_1_66' title='bbox 765 1147 891 1218; x_wconf 80' lang='lat' dir='ltr'><strong>majores</strong></span> <span class='ocrx_word' id='word_1_67' title='bbox 913 1139 961 1196; x_wconf 87' lang='lat' dir='ltr'><strong>nri</strong></span> <span class='ocrx_word' id='word_1_68' title='bbox 982 1138 1105 1196; x_wconf 82' lang='lat' dir='ltr'><strong>miseriti</strong></span> <span class='ocrx_word' id='word_1_69' title='bbox 1121 1159 1229 1218; x_wconf 39' lang='lat' dir='ltr'><strong>-,neve</strong></span> <span class='ocrx_word' id='word_1_70' title='bbox 1249 1135 1337 1196; x_wconf 86' lang='lat' dir='ltr'><strong>nobis</strong></span> <span class='ocrx_word' id='word_1_71' title='bbox 1357 1156 1423 1195; x_wconf 85' lang='lat' dir='ltr'><strong>eom</strong></span> <span class='ocrx_word' id='word_1_72' title='bbox 1437 1166 1455 1180; x_wconf 93' lang='lat'>·</span> <span class='ocrx_word' id='word_1_73' title='bbox 1476 1135 1526 1206; x_wconf 80' lang='grc'><strong>54.</strong></span> <span class='ocrx_word' id='word_1_74' title='bbox 1548 1149 1684 1198; x_wconf 86' lang='lat' dir='ltr'><strong>senatum</strong></span> <span class='ocrx_word' id='word_1_75' title='bbox 1706 1159 1752 1220; x_wconf 92' lang='lat' dir='ltr'><strong>pr.</strong></span> <span class='ocrx_word' id='word_1_76' title='bbox 1765 1170 1784 1190; x_wconf 87' lang='lat'><strong>·</strong></span> 
     </span>
     <span class='ocr_line' id='line_1_7' title="bbox 364 1239 1782 1328; baseline -0.002 -19"><span class='ocrx_word' id='word_1_77' title='bbox 364 1250 494 1311; x_wconf 76' lang='lat' dir='ltr'><strong>factione</strong></span> <span class='ocrx_word' id='word_1_78' title='bbox 514 1247 527 1305; x_wconf 83' lang='lat' dir='ltr'><strong>i</strong></span> <span class='ocrx_word' id='word_1_79' title='bbox 545 1265 611 1326; x_wconf 90' lang='lat' dir='ltr'><strong>sup.</strong></span> <span class='ocrx_word' id='word_1_80' title='bbox 632 1249 687 1304; x_wconf 89' lang='lat' dir='ltr'><strong>lin.</strong></span> <span class='ocrx_word' id='word_1_81' title='bbox 701 1279 718 1292; x_wconf 90' lang='lat'>-</span> <span class='ocrx_word' id='word_1_82' title='bbox 737 1244 785 1306; x_wconf 81' lang='lat'><strong>35.</strong></span> <span class='ocrx_word' id='word_1_83' title='bbox 805 1247 857 1304; x_wconf 76' lang='lat' dir='ltr'><strong>sel.</strong></span> <span class='ocrx_word' id='word_1_84' title='bbox 879 1265 908 1324; x_wconf 90' lang='lat' dir='ltr'><strong>q.</strong></span> <span class='ocrx_word' id='word_1_85' title='bbox 922 1247 1022 1302; x_wconf 80' lang='lat' dir='ltr'><strong>catulo</strong></span> <span class='ocrx_word' id='word_1_86' title='bbox 1036 1275 1057 1292; x_wconf 88' lang='lat'>-</span> <span class='ocrx_word' id='word_1_87' title='bbox 1075 1244 1208 1302; x_wconf 84' lang='lat' dir='ltr'><strong>alienum</strong></span> <span class='ocrx_word' id='word_1_88' title='bbox 1228 1263 1293 1304; x_wconf 74' lang='lat' dir='ltr'><strong>ees-</strong></span> <span class='ocrx_word' id='word_1_89' title='bbox 1312 1261 1376 1306; x_wconf 85' lang='lat' dir='ltr'><strong>nou</strong></span> <span class='ocrx_word' id='word_1_90' title='bbox 1397 1261 1512 1328; x_wconf 83' lang='lat' dir='ltr'><strong>possem</strong></span> <span class='ocrx_word' id='word_1_91' title='bbox 1530 1252 1564 1304; x_wconf 86' lang='lat' dir='ltr'><strong>et</strong></span> <span class='ocrx_word' id='word_1_92' title='bbox 1583 1239 1782 1309; x_wconf 67' lang='lat' dir='ltr'><strong>alienis-ol)-</strong></span> 
     </span>
     <span class='ocr_line' id='line_1_8' title="bbox 363 1347 1781 1436; baseline -0.001 -21"><span class='ocrx_word' id='word_1_93' title='bbox 363 1353 512 1418; x_wconf 78' lang='lat' dir='ltr'><strong>serrandse</strong></span> <span class='ocrx_word' id='word_1_94' title='bbox 531 1374 597 1412; x_wconf 88' lang='lat' dir='ltr'><strong>sum</strong></span> <span class='ocrx_word' id='word_1_95' title='bbox 618 1361 735 1411; x_wconf 83' lang='lat' dir='ltr'><strong>secutus</strong></span> <span class='ocrx_word' id='word_1_96' title='bbox 753 1383 773 1396; x_wconf 93' lang='lat'><em>-</em></span> <span class='ocrx_word' id='word_1_97' title='bbox 793 1360 912 1431; x_wconf 82' lang='lat' dir='ltr'><strong>rogatus</strong></span> <span class='ocrx_word' id='word_1_98' title='bbox 931 1361 1025 1413; x_wconf 58' lang='lat' dir='ltr'><strong>arctor</strong></span> <span class='ocrx_word' id='word_1_99' title='bbox 1045 1349 1137 1432; x_wconf 80' lang='lat' dir='ltr'><strong>(prius</strong></span> <span class='ocrx_word' id='word_1_100' title='bbox 1156 1371 1224 1431; x_wconf 89' lang='lat' dir='ltr'><strong>sup.</strong></span> <span class='ocrx_word' id='word_1_101' title='bbox 1245 1348 1314 1426; x_wconf 75' lang='lat' dir='ltr'><strong>lin‚)</strong></span> <span class='ocrx_word' id='word_1_102' title='bbox 1334 1378 1350 1391; x_wconf 90' lang='lat'>-</span> <span class='ocrx_word' id='word_1_103' title='bbox 1377 1347 1429 1408; x_wconf 76' lang='lat'><strong>36.</strong></span> <span class='ocrx_word' id='word_1_104' title='bbox 1450 1348 1565 1408; x_wconf 83' lang='lat' dir='ltr'><strong>reatino</strong></span> <span class='ocrx_word' id='word_1_105' title='bbox 1581 1381 1605 1436; x_wconf 64' lang='grc'><strong>4-</strong></span> <span class='ocrx_word' id='word_1_106' title='bbox 1632 1359 1781 1431; x_wconf 78' lang='lat' dir='ltr'><strong>paterent.</strong></span> 
     </span>
     <span class='ocr_line' id='line_1_9' title="bbox 366 1455 1782 1542; baseline -0.001 -22"><span class='ocrx_word' id='word_1_107' title='bbox 366 1483 394 1523; x_wconf 85' lang='lat' dir='ltr'><strong>r.</strong></span> <span class='ocrx_word' id='word_1_108' title='bbox 412 1481 477 1539; x_wconf 89' lang='lat' dir='ltr'><strong>sup.</strong></span> <span class='ocrx_word' id='word_1_109' title='bbox 498 1462 553 1519; x_wconf 92' lang='lat' dir='ltr'><strong>lin.</strong></span> <span class='ocrx_word' id='word_1_110' title='bbox 573 1456 690 1542; x_wconf 81' lang='lat' dir='ltr'><strong>duobus</strong></span> <span class='ocrx_word' id='word_1_111' title='bbox 710 1457 804 1522; x_wconf 82' lang='lat' dir='ltr'><strong>senati</strong></span> <span class='ocrx_word' id='word_1_112' title='bbox 824 1456 964 1527; x_wconf 81' lang='lat' dir='ltr'><strong>decretis3</strong></span> <span class='ocrx_word' id='word_1_113' title='bbox 987 1456 1032 1536; x_wconf 78' lang='lat' dir='ltr'><strong>(ue</strong></span> <span class='ocrx_word' id='word_1_114' title='bbox 1052 1477 1119 1536; x_wconf 87' lang='lat' dir='ltr'><strong>sup.</strong></span> <span class='ocrx_word' id='word_1_115' title='bbox 1139 1456 1208 1534; x_wconf 90' lang='lat' dir='ltr'><strong>lin.)</strong></span> <span class='ocrx_word' id='word_1_116' title='bbox 1229 1455 1420 1516; x_wconf 76' lang='lat' dir='ltr'><strong>discesserant</strong></span> <span class='ocrx_word' id='word_1_117' title='bbox 1441 1475 1481 1518; x_wconf 91' lang='lat' dir='ltr'><strong>m.</strong></span> <span class='ocrx_word' id='word_1_118' title='bbox 1503 1473 1548 1532; x_wconf 88' lang='lat' dir='ltr'><strong>pr.</strong></span> <span class='ocrx_word' id='word_1_119' title='bbox 1570 1455 1613 1533; x_wconf 86' lang='lat' dir='ltr'><strong>(n.</strong></span> <span class='ocrx_word' id='word_1_120' title='bbox 1634 1463 1714 1536; x_wconf 83' lang='lat' dir='ltr'><strong>exp.)</strong></span> <span class='ocrx_word' id='word_1_121' title='bbox 1735 1469 1782 1518; x_wconf 86' lang='lat' dir='ltr'><strong>et·</strong></span> 
     </span>
     <span class='ocr_line' id='line_1_10' title="bbox 365 1555 1782 1648; baseline -0.003 -22"><span class='ocrx_word' id='word_1_122' title='bbox 365 1555 423 1648; x_wconf 75' lang='lat' dir='ltr'><strong>qne</strong></span> <span class='ocrx_word' id='word_1_123' title='bbox 443 1567 489 1625; x_wconf 87' lang='lat' dir='ltr'><strong>uti</strong></span> <span class='ocrx_word' id='word_1_124' title='bbox 508 1565 608 1644; x_wconf 81' lang='lat' dir='ltr'><strong>(atque</strong></span> <span class='ocrx_word' id='word_1_125' title='bbox 628 1563 756 1642; x_wconf 80' lang='lat' dir='ltr'><strong>cresum)</strong></span> <span class='ocrx_word' id='word_1_126' title='bbox 770 1595 788 1608; x_wconf 95' lang='lat'><em>-</em></span> <span class='ocrx_word' id='word_1_127' title='bbox 809 1562 857 1644; x_wconf 81' lang='lat'><strong>73.</strong></span> <span class='ocrx_word' id='word_1_128' title='bbox 879 1569 962 1640; x_wconf 87' lang='lat' dir='ltr'><strong>conj.</strong></span> <span class='ocrx_word' id='word_1_129' title='bbox 983 1563 1102 1622; x_wconf 83' lang='lat' dir='ltr'><strong>fuerent</strong></span> <span class='ocrx_word' id='word_1_130' title='bbox 1119 1595 1136 1608; x_wconf 94' lang='lat'>-</span> <span class='ocrx_word' id='word_1_131' title='bbox 1156 1561 1230 1620; x_wconf 84' lang='lat' dir='ltr'><strong>adeo</strong></span> <span class='ocrx_word' id='word_1_132' title='bbox 1250 1559 1433 1622; x_wconf 83' lang='lat' dir='ltr'><strong>videbatur-</strong></span> <span class='ocrx_word' id='word_1_133' title='bbox 1452 1561 1557 1619; x_wconf 86' lang='lat' dir='ltr'><strong>omnia</strong></span> <span class='ocrx_word' id='word_1_134' title='bbox 1577 1559 1724 1620; x_wconf 84' lang='lat' dir='ltr'><strong>mutari·</strong></span> <span class='ocrx_word' id='word_1_135' title='bbox 1743 1561 1782 1622; x_wconf 82' lang='lat' dir='ltr'><strong>de</strong></span> 
     </span>
     <span class='ocr_line' id='line_1_11' title="bbox 364 1655 1782 1733; baseline -0.003 -3"><span class='ocrx_word' id='word_1_136' title='bbox 364 1673 468 1733; x_wconf 88' lang='lat' dir='ltr'><strong>multis</strong></span> <span class='ocrx_word' id='word_1_137' title='bbox 487 1668 553 1730; x_wconf 85' lang='lat' dir='ltr'><strong>-hi</strong></span> <span class='ocrx_word' id='word_1_138' title='bbox 572 1690 688 1730; x_wconf 79' lang='lat' dir='ltr'><strong>romam</strong></span> <span class='ocrx_word' id='word_1_139' title='bbox 709 1670 788 1730; x_wconf 87' lang='lat' dir='ltr'><strong>sicut</strong></span> <span class='ocrx_word' id='word_1_140' title='bbox 807 1670 841 1727; x_wconf 87' lang='lat' dir='ltr'><strong>in</strong></span> <span class='ocrx_word' id='word_1_141' title='bbox 861 1655 937 1726; x_wconf 79' lang='lat' dir='ltr'><strong>sent.</strong></span> <span class='ocrx_word' id='word_1_142' title='bbox 957 1694 975 1711; x_wconf 95' lang='lat'>·</span> <span class='ocrx_word' id='word_1_143' title='bbox 992 1687 1092 1727; x_wconf 90' lang='lat' dir='ltr'><strong>merce</strong></span> <span class='ocrx_word' id='word_1_144' title='bbox 1111 1687 1260 1725; x_wconf 84' lang='lat' dir='ltr'><strong>manum·</strong></span> <span class='ocrx_word' id='word_1_145' title='bbox 1279 1669 1498 1726; x_wconf 71' lang='lat' dir='ltr'><strong>toleraverant·</strong></span> <span class='ocrx_word' id='word_1_146' title='bbox 1517 1664 1689 1726; x_wconf 81' lang='lat' dir='ltr'><strong>mirandum</strong></span> <span class='ocrx_word' id='word_1_147' title='bbox 1711 1677 1782 1726; x_wconf 87' lang='lat' dir='ltr'><strong>est·</strong></span> 
     </span>
     <span class='ocr_line' id='line_1_12' title="bbox 367 1767 1781 1855; baseline -0.003 -19"><span class='ocrx_word' id='word_1_148' title='bbox 367 1779 496 1836; x_wconf 82' lang='lat' dir='ltr'><strong>maxime</strong></span> <span class='ocrx_word' id='word_1_149' title='bbox 507 1797 569 1855; x_wconf 89' lang='lat' dir='ltr'><strong>spe.</strong></span> <span class='ocrx_word' id='word_1_150' title='bbox 583 1777 615 1854; x_wconf 81' lang='lat' dir='ltr'><strong>(u</strong></span> <span class='ocrx_word' id='word_1_151' title='bbox 622 1797 690 1854; x_wconf 89' lang='lat' dir='ltr'><strong>sup.</strong></span> <span class='ocrx_word' id='word_1_152' title='bbox 701 1775 770 1849; x_wconf 88' lang='lat' dir='ltr'><strong>lin.)</strong></span> <span class='ocrx_word' id='word_1_153' title='bbox 781 1806 796 1818; x_wconf 90' lang='lat'><em>·</em></span> <span class='ocrx_word' id='word_1_154' title='bbox 806 1774 932 1833; x_wconf 80' lang='lat' dir='ltr'><strong>victoria</strong></span> <span class='ocrx_word' id='word_1_155' title='bbox 940 1767 1045 1830; x_wconf 69' lang='lat' dir='ltr'><strong>&#39;sullae-</strong></span> <span class='ocrx_word' id='word_1_156' title='bbox 1063 1771 1132 1830; x_wconf 90' lang='lat' dir='ltr'><strong>ideo</strong></span> <span class='ocrx_word' id='word_1_157' title='bbox 1145 1775 1281 1830; x_wconf 86' lang='lat' dir='ltr'><strong>melum·</strong></span> <span class='ocrx_word' id='word_1_158' title='bbox 1298 1771 1395 1853; x_wconf 56' lang='lat' dir='ltr'><strong>t9lgin</strong></span> <span class='ocrx_word' id='word_1_159' title='bbox 1405 1771 1452 1831; x_wconf 90' lang='lat' dir='ltr'><strong>his</strong></span> <span class='ocrx_word' id='word_1_160' title='bbox 1461 1777 1524 1832; x_wconf 81' lang='lat' dir='ltr'><strong>&#39;erat</strong></span> <span class='ocrx_word' id='word_1_161' title='bbox 1533 1803 1551 1818; x_wconf 91' lang='lat'><strong>·</strong></span> <span class='ocrx_word' id='word_1_162' title='bbox 1567 1770 1781 1844; x_wconf 70' lang='lat' dir='ltr'><strong>40.·viditillos</strong></span> 
     </span>
     <span class='ocr_line' id='line_1_13' title="bbox 332 1875 1870 1962; baseline -0.001 -24"><span class='ocrx_word' id='word_1_163' title='bbox 332 1883 336 1888; x_wconf 74' lang='grc'><strong>’</strong></span> <span class='ocrx_word' id='word_1_164' title='bbox 365 1883 449 1962; x_wconf 82' lang='lat' dir='ltr'><strong>queri</strong></span> <span class='ocrx_word' id='word_1_165' title='bbox 468 1912 482 1927; x_wconf 92' lang='lat'>·</span> <span class='ocrx_word' id='word_1_166' title='bbox 510 1889 637 1940; x_wconf 89' lang='lat' dir='ltr'><strong>mortem</strong></span> <span class='ocrx_word' id='word_1_167' title='bbox 656 1894 772 1956; x_wconf 80' lang='lat' dir='ltr'><strong>sperare</strong></span> <span class='ocrx_word' id='word_1_168' title='bbox 792 1905 807 1920; x_wconf 93' lang='lat'><em>·</em></span> <span class='ocrx_word' id='word_1_169' title='bbox 834 1885 885 1945; x_wconf 75' lang='grc'><strong>41.</strong></span> <span class='ocrx_word' id='word_1_170' title='bbox 907 1885 1021 1934; x_wconf 86' lang='lat' dir='ltr'><strong>certum</strong></span> <span class='ocrx_word' id='word_1_171' title='bbox 1042 1875 1197 1955; x_wconf 71' lang='lat' dir='ltr'><strong>praemium</strong></span> <span class='ocrx_word' id='word_1_172' title='bbox 1217 1907 1234 1921; x_wconf 87' lang='lat'><strong>·</strong></span> <span class='ocrx_word' id='word_1_173' title='bbox 1263 1887 1315 1945; x_wconf 74' lang='lat'><strong>42.</strong></span> <span class='ocrx_word' id='word_1_174' title='bbox 1336 1897 1411 1956; x_wconf 89' lang='lat' dir='ltr'><strong>quos</strong></span> <span class='ocrx_word' id='word_1_175' title='bbox 1429 1886 1499 1936; x_wconf 86' lang='lat' dir='ltr'><strong>ente</strong></span> <span class='ocrx_word' id='word_1_176' title='bbox 1519 1896 1558 1936; x_wconf 73' lang='lat' dir='ltr'><strong>ee·</strong></span> <span class='ocrx_word' id='word_1_177' title='bbox 1576 1875 1662 1936; x_wconf 78' lang='lat' dir='ltr'><strong>sociis</strong></span> <span class='ocrx_word' id='word_1_178' title='bbox 1682 1897 1779 1936; x_wconf 81' lang='lat' dir='ltr'><strong>eausa.</strong></span> <span class='ocrx_word' id='word_1_179' title='bbox 1868 1909 1870 1914; x_wconf 89' lang='lat'><em>·</em></span> 
     </span>
     <span class='ocr_line' id='line_1_14' title="bbox 364 1975 1883 2068; baseline -0.001 -26"><span class='ocrx_word' id='word_1_180' title='bbox 364 1981 428 2062; x_wconf 85' lang='lat' dir='ltr'><strong>(s&#39;ed</strong></span> <span class='ocrx_word' id='word_1_181' title='bbox 447 1981 547 2061; x_wconf 87' lang='lat' dir='ltr'><strong>prima</strong></span> <span class='ocrx_word' id='word_1_182' title='bbox 566 1985 673 2038; x_wconf 85' lang='lat' dir='ltr'><strong>manus</strong></span> <span class='ocrx_word' id='word_1_183' title='bbox 693 1977 725 2038; x_wconf 88' lang='lat' dir='ltr'><strong>S.</strong></span> <span class='ocrx_word' id='word_1_184' title='bbox 750 1975 953 2059; x_wconf 58' lang='lat' dir='ltr'><strong>&amp;scripsisse</strong></span> <span class='ocrx_word' id='word_1_185' title='bbox 972 1977 1102 2055; x_wconf 78' lang='lat' dir='ltr'><strong>videtur)</strong></span> <span class='ocrx_word' id='word_1_186' title='bbox 1129 1979 1162 2036; x_wconf 89' lang='lat' dir='ltr'><strong>in</strong></span> <span class='ocrx_word' id='word_1_187' title='bbox 1183 1977 1319 2037; x_wconf 81' lang='lat' dir='ltr'><strong>citeriore</strong></span> <span class='ocrx_word' id='word_1_188' title='bbox 1345 1981 1436 2060; x_wconf 83' lang='lat' dir='ltr'><strong>gallie</strong></span> <span class='ocrx_word' id='word_1_189' title='bbox 1455 2013 1469 2032; x_wconf 85' lang='lat'>-</span> <span class='ocrx_word' id='word_1_190' title='bbox 1498 1979 1548 2052; x_wconf 75' lang='grc'><strong>43.</strong></span> <span class='ocrx_word' id='word_1_191' title='bbox 1569 1982 1680 2061; x_wconf 81' lang='lat' dir='ltr'><strong>paretis</strong></span> <span class='ocrx_word' id='word_1_192' title='bbox 1700 1982 1780 2042; x_wconf 83' lang='lat' dir='ltr'><strong>vido·</strong></span> <span class='ocrx_word' id='word_1_193' title='bbox 1880 2061 1883 2068; x_wconf 30' lang='grc' dir='ltr'><strong><em>Ι</em></strong></span> 
     </span>
     <span class='ocr_line' id='line_1_15' title="bbox 361 2065 1780 2164; baseline 0 -16"><span class='ocrx_word' id='word_1_194' title='bbox 361 2065 451 2148; x_wconf 75' lang='lat' dir='ltr'><strong>betnr</strong></span> <span class='ocrx_word' id='word_1_195' title='bbox 463 2119 478 2134; x_wconf 92' lang='lat'>-</span> <span class='ocrx_word' id='word_1_196' title='bbox 498 2086 713 2148; x_wconf 84' lang='lat' dir='ltr'><strong>constituerent</strong></span> <span class='ocrx_word' id='word_1_197' title='bbox 733 2099 774 2144; x_wconf 77' lang='lat' dir='ltr'><strong>m&#39;.</strong></span> <span class='ocrx_word' id='word_1_198' title='bbox 795 2104 841 2164; x_wconf 89' lang='lat' dir='ltr'><strong>pr.</strong></span> <span class='ocrx_word' id='word_1_199' title='bbox 862 2095 897 2144; x_wconf 85' lang='lat' dir='ltr'><strong>ot</strong></span> <span class='ocrx_word' id='word_1_200' title='bbox 917 2107 958 2144; x_wconf 86' lang='lat' dir='ltr'><strong>m.</strong></span> <span class='ocrx_word' id='word_1_201' title='bbox 978 2105 1036 2146; x_wconf 84' lang='lat' dir='ltr'><strong>see.</strong></span> <span class='ocrx_word' id='word_1_202' title='bbox 1050 2119 1064 2132; x_wconf 92' lang='lat'><strong>·</strong></span> <span class='ocrx_word' id='word_1_203' title='bbox 1084 2085 1231 2154; x_wconf 82' lang='lat' dir='ltr'><strong>statilius,</strong></span> <span class='ocrx_word' id='word_1_204' title='bbox 1253 2083 1423 2144; x_wconf 83' lang='lat' dir='ltr'><strong>Gabinius·</strong></span> <span class='ocrx_word' id='word_1_205' title='bbox 1443 2083 1496 2156; x_wconf 92' lang='grc'><strong>44.</strong></span> <span class='ocrx_word' id='word_1_206' title='bbox 1516 2089 1780 2154; x_wconf 79' lang='lat' dir='ltr'><strong>crotoniensium-</strong></span> 
     </span>
     <span class='ocr_line' id='line_1_16' title="bbox 364 2189 1783 2274; baseline -0.001 -22"><span class='ocrx_word' id='word_1_207' title='bbox 364 2195 432 2274; x_wconf 85' lang='lat' dir='ltr'><strong>qeis</strong></span> <span class='ocrx_word' id='word_1_208' title='bbox 452 2194 509 2251; x_wconf 87' lang='lat' dir='ltr'><strong>sim</strong></span> <span class='ocrx_word' id='word_1_209' title='bbox 530 2223 544 2238; x_wconf 93' lang='lat'>-</span> <span class='ocrx_word' id='word_1_210' title='bbox 577 2189 618 2248; x_wconf 77' lang='lat' dir='ltr'><strong>lle</strong></span> <span class='ocrx_word' id='word_1_211' title='bbox 639 2191 781 2272; x_wconf 80' lang='lat' dir='ltr'><strong>cogites·</strong></span> <span class='ocrx_word' id='word_1_212' title='bbox 806 2194 992 2271; x_wconf 82' lang='lat' dir='ltr'><strong>postulent·</strong></span> <span class='ocrx_word' id='word_1_213' title='bbox 1024 2190 1075 2261; x_wconf 79' lang='grc'><strong>45.</strong></span> <span class='ocrx_word' id='word_1_214' title='bbox 1096 2192 1185 2250; x_wconf 87' lang='lat' dir='ltr'><strong>utin</strong></span> <span class='ocrx_word' id='word_1_215' title='bbox 1205 2201 1338 2270; x_wconf 87' lang='lat' dir='ltr'><strong>ponte·</strong></span> <span class='ocrx_word' id='word_1_216' title='bbox 1358 2192 1506 2270; x_wconf 86' lang='lat' dir='ltr'><strong>permittit</strong></span> <span class='ocrx_word' id='word_1_217' title='bbox 1526 2192 1587 2250; x_wconf 90' lang='lat' dir='ltr'><strong>illis</strong></span> <span class='ocrx_word' id='word_1_218' title='bbox 1608 2189 1745 2252; x_wconf 85' lang='lat' dir='ltr'><strong>homines</strong></span> <span class='ocrx_word' id='word_1_219' title='bbox 1765 2225 1783 2238; x_wconf 86' lang='lat'><strong>·</strong></span> 
     </span>
     <span class='ocr_line' id='line_1_17' title="bbox 364 2289 1779 2380; baseline -0.002 -21"><span class='ocrx_word' id='word_1_220' title='bbox 364 2306 509 2359; x_wconf 78' lang='lat' dir='ltr'><strong>venerunt</strong></span> <span class='ocrx_word' id='word_1_221' title='bbox 526 2327 543 2344; x_wconf 90' lang='lat'><em>-</em></span> <span class='ocrx_word' id='word_1_222' title='bbox 571 2295 620 2367; x_wconf 90' lang='grc'><strong>46.</strong></span> <span class='ocrx_word' id='word_1_223' title='bbox 640 2295 810 2378; x_wconf 76' lang='lat' dir='ltr'><strong>reipublicae</strong></span> <span class='ocrx_word' id='word_1_224' title='bbox 829 2295 991 2375; x_wconf 79' lang='lat' dir='ltr'><strong>perdundre</strong></span> <span class='ocrx_word' id='word_1_225' title='bbox 1009 2303 1024 2344; x_wconf 79' lang='grc'><strong>-’</strong></span> <span class='ocrx_word' id='word_1_226' title='bbox 1045 2296 1198 2376; x_wconf 88' lang='lat' dir='ltr'><strong>ceperium</strong></span> <span class='ocrx_word' id='word_1_227' title='bbox 1220 2296 1449 2357; x_wconf 81' lang='lat' dir='ltr'><strong>terracinensem</strong></span> <span class='ocrx_word' id='word_1_228' title='bbox 1469 2331 1484 2348; x_wconf 89' lang='lat'>-</span> <span class='ocrx_word' id='word_1_229' title='bbox 1511 2313 1561 2380; x_wconf 84' lang='lat'><strong>47.</strong></span> <span class='ocrx_word' id='word_1_230' title='bbox 1577 2289 1779 2356; x_wconf 73' lang='lat' dir='ltr'><strong>‘dissimulan-</strong></span> 
     </span>
     <span class='ocr_line' id='line_1_18' title="bbox 364 2379 1779 2489; baseline -0.002 -26"><span class='ocrx_word' id='word_1_231' title='bbox 364 2415 424 2464; x_wconf 91' lang='lat' dir='ltr'><strong>tem</strong></span> <span class='ocrx_word' id='word_1_232' title='bbox 446 2423 488 2462; x_wconf 88' lang='lat' dir='ltr'><strong>m.</strong></span> <span class='ocrx_word' id='word_1_233' title='bbox 509 2419 557 2484; x_wconf 89' lang='lat' dir='ltr'><strong>pr.</strong></span> <span class='ocrx_word' id='word_1_234' title='bbox 576 2435 587 2448; x_wconf 94' lang='lat'><strong>·</strong></span> <span class='ocrx_word' id='word_1_235' title='bbox 613 2379 761 2482; x_wconf 64' lang='lat' dir='ltr'><strong>sybillinis</strong></span> <span class='ocrx_word' id='word_1_236' title='bbox 781 2431 806 2489; x_wconf 29' lang='lat' dir='ltr'><strong>·s</strong></span> <span class='ocrx_word' id='word_1_237' title='bbox 830 2404 880 2462; x_wconf 90' lang='lat' dir='ltr'><strong>eui</strong></span> <span class='ocrx_word' id='word_1_238' title='bbox 901 2405 977 2480; x_wconf 79' lang='lat' dir='ltr'><strong>soret</strong></span> <span class='ocrx_word' id='word_1_239' title='bbox 997 2405 1092 2462; x_wconf 81' lang='lat' dir='ltr'><strong>fetum</strong></span> <span class='ocrx_word' id='word_1_240' title='bbox 1112 2438 1126 2451; x_wconf 94' lang='lat'>-</span> <span class='ocrx_word' id='word_1_241' title='bbox 1157 2401 1251 2467; x_wconf 79' lang='lat' dir='ltr'><strong>urbis.</strong></span> <span class='ocrx_word' id='word_1_242' title='bbox 1272 2412 1411 2480; x_wconf 72' lang='lat' dir='ltr'><strong>praeterea</strong></span> <span class='ocrx_word' id='word_1_243' title='bbox 1430 2434 1445 2451; x_wconf 89' lang='lat'>-</span> <span class='ocrx_word' id='word_1_244' title='bbox 1469 2403 1635 2464; x_wconf 77' lang='lat' dir='ltr'><strong>cottidiano</strong></span> <span class='ocrx_word' id='word_1_245' title='bbox 1654 2411 1779 2482; x_wconf 83' lang='lat' dir='ltr'><strong>--etque</strong></span> 
     </span>
     <span class='ocr_line' id='line_1_19' title="bbox 364 2507 1781 2590; baseline -0.001 -21"><span class='ocrx_word' id='word_1_246' title='bbox 364 2507 505 2590; x_wconf 78' lang='lat' dir='ltr'><strong>cethegus</strong></span> <span class='ocrx_word' id='word_1_247' title='bbox 524 2541 542 2554; x_wconf 92' lang='lat'><strong>·</strong></span> <span class='ocrx_word' id='word_1_248' title='bbox 560 2518 733 2588; x_wconf 82' lang='lat' dir='ltr'><strong>properaret</strong></span> <span class='ocrx_word' id='word_1_249' title='bbox 753 2507 858 2568; x_wconf 84' lang='lat' dir='ltr'><strong>urbem</strong></span> <span class='ocrx_word' id='word_1_250' title='bbox 879 2509 1018 2570; x_wconf 78' lang='lat' dir='ltr'><strong>accedere</strong></span> <span class='ocrx_word' id='word_1_251' title='bbox 1037 2537 1054 2552; x_wconf 94' lang='lat'>·</span> <span class='ocrx_word' id='word_1_252' title='bbox 1072 2508 1135 2590; x_wconf 82' lang='grc'><strong>49.</strong></span> <span class='ocrx_word' id='word_1_253' title='bbox 1156 2511 1258 2588; x_wconf 89' lang='lat' dir='ltr'><strong>precio</strong></span> <span class='ocrx_word' id='word_1_254' title='bbox 1277 2540 1298 2564; x_wconf 64' lang='grc' dir='ltr'><strong>μ</strong></span> <span class='ocrx_word' id='word_1_255' title='bbox 1324 2509 1422 2569; x_wconf 82' lang='lat' dir='ltr'><strong>enimi</strong></span> <span class='ocrx_word' id='word_1_256' title='bbox 1441 2509 1610 2569; x_wconf 82' lang='lat' dir='ltr'><strong>mobilitate</strong></span> <span class='ocrx_word' id='word_1_257' title='bbox 1630 2508 1727 2573; x_wconf 58' lang='lat' dir='ltr'><strong>-c5o,</strong></span> <span class='ocrx_word' id='word_1_258' title='bbox 1749 2518 1781 2568; x_wconf 87' lang='lat' dir='ltr'><strong>et</strong></span> 
     </span>
     <span class='ocr_line' id='line_1_20' title="bbox 364 2607 1860 2698; baseline -0.001 -24"><span class='ocrx_word' id='word_1_259' title='bbox 364 2624 501 2696; x_wconf 76' lang='lat' dir='ltr'><strong>praeterea</strong></span> <span class='ocrx_word' id='word_1_260' title='bbox 523 2644 541 2661; x_wconf 93' lang='lat'>·</span> <span class='ocrx_word' id='word_1_261' title='bbox 571 2636 603 2694; x_wconf 88' lang='lat' dir='ltr'><strong>p.</strong></span> <span class='ocrx_word' id='word_1_262' title='bbox 624 2613 790 2692; x_wconf 87' lang='lat' dir='ltr'><strong>umbreno,</strong></span> <span class='ocrx_word' id='word_1_263' title='bbox 819 2617 851 2698; x_wconf 78' lang='lat' dir='ltr'><strong>p&#39;.</strong></span> <span class='ocrx_word' id='word_1_264' title='bbox 872 2607 951 2674; x_wconf 80' lang='lat' dir='ltr'><strong>furio</strong></span> <span class='ocrx_word' id='word_1_265' title='bbox 970 2648 987 2662; x_wconf 93' lang='lat'><strong>··</strong></span> <span class='ocrx_word' id='word_1_266' title='bbox 1022 2609 1110 2676; x_wconf 85' lang='lat' dir='ltr'><strong>tiberi</strong></span> <span class='ocrx_word' id='word_1_267' title='bbox 1132 2616 1254 2674; x_wconf 88' lang='lat' dir='ltr'><strong>neronis</strong></span> <span class='ocrx_word' id='word_1_268' title='bbox 1272 2646 1288 2661; x_wconf 92' lang='lat'><strong>·</strong></span> <span class='ocrx_word' id='word_1_269' title='bbox 1321 2613 1433 2676; x_wconf 83' lang='lat' dir='ltr'><strong>obditis</strong></span> <span class='ocrx_word' id='word_1_270' title='bbox 1452 2647 1466 2664; x_wconf 90' lang='lat'><em>-</em></span> <span class='ocrx_word' id='word_1_271' title='bbox 1502 2615 1552 2676; x_wconf 78' lang='lat'><strong>51.</strong></span> <span class='ocrx_word' id='word_1_272' title='bbox 1573 2613 1778 2694; x_wconf 80' lang='lat' dir='ltr'><strong>memorandi,</strong></span> <span class='ocrx_word' id='word_1_273' title='bbox 1847 2662 1860 2678; x_wconf 28' lang='lat' dir='ltr'><strong>ss</strong></span> 
     </span>
     <span class='ocr_line' id='line_1_21' title="bbox 364 2717 1778 2804; baseline 0.001 -26"><span class='ocrx_word' id='word_1_274' title='bbox 364 2721 417 2798; x_wconf 85' lang='lat' dir='ltr'><strong>qni</strong></span> <span class='ocrx_word' id='word_1_275' title='bbox 438 2720 546 2799; x_wconf 88' lang='lat' dir='ltr'><strong>populi</strong></span> <span class='ocrx_word' id='word_1_276' title='bbox 567 2728 655 2799; x_wconf 86' lang='lat' dir='ltr'><strong>etque</strong></span> <span class='ocrx_word' id='word_1_277' title='bbox 678 2739 765 2801; x_wconf 19' lang='lat' dir='ltr'><strong>*reges</strong></span> <span class='ocrx_word' id='word_1_278' title='bbox 785 2753 800 2768; x_wconf 89' lang='lat'><strong>·</strong></span> <span class='ocrx_word' id='word_1_279' title='bbox 832 2720 869 2780; x_wconf 86' lang='lat' dir='ltr'><strong>de</strong></span> <span class='ocrx_word' id='word_1_280' title='bbox 890 2717 1004 2780; x_wconf 88' lang='lat' dir='ltr'><strong>rhodiis</strong></span> <span class='ocrx_word' id='word_1_281' title='bbox 1030 2723 1221 2780; x_wconf 80' lang='lat' dir='ltr'><strong>consulatum</strong></span> <span class='ocrx_word' id='word_1_282' title='bbox 1242 2730 1287 2780; x_wconf 89' lang='lat' dir='ltr'><strong>est</strong></span> <span class='ocrx_word' id='word_1_283' title='bbox 1305 2751 1320 2768; x_wconf 91' lang='lat'><strong>·</strong></span> <span class='ocrx_word' id='word_1_284' title='bbox 1351 2722 1569 2804; x_wconf 82' lang='lat' dir='ltr'><strong>cartaginenses</strong></span> <span class='ocrx_word' id='word_1_285' title='bbox 1584 2753 1605 2779; x_wconf 88' lang='lat'><strong>·.</strong></span> <span class='ocrx_word' id='word_1_286' title='bbox 1625 2719 1685 2780; x_wconf 89' lang='lat' dir='ltr'><strong>hoc</strong></span> <span class='ocrx_word' id='word_1_287' title='bbox 1704 2721 1778 2780; x_wconf 89' lang='lat' dir='ltr'><strong>item</strong></span> 
     </span>
     <span class='ocr_line' id='line_1_22' title="bbox 363 2815 1793 2910; baseline 0.005 -32"><span class='ocrx_word' id='word_1_288' title='bbox 363 2820 449 2882; x_wconf 76' lang='lat' dir='ltr'><strong>vobis</strong></span> <span class='ocrx_word' id='word_1_289' title='bbox 468 2854 481 2866; x_wconf 92' lang='lat'><em>-</em></span> <span class='ocrx_word' id='word_1_290' title='bbox 494 2822 610 2910; x_wconf 25' lang='lat' dir='ltr'><strong>&#39;‘domos</strong></span> <span class='ocrx_word' id='word_1_291' title='bbox 631 2825 756 2897; x_wconf 83' lang='lat' dir='ltr'><strong>spoliari</strong></span> <span class='ocrx_word' id='word_1_292' title='bbox 776 2851 790 2866; x_wconf 93' lang='lat'>-</span> <span class='ocrx_word' id='word_1_293' title='bbox 815 2827 935 2878; x_wconf 74' lang='lat' dir='ltr'><strong>inlectos</strong></span> <span class='ocrx_word' id='word_1_294' title='bbox 956 2828 1164 2897; x_wconf 78' lang='lat' dir='ltr'><strong>conjuratione</strong></span> <span class='ocrx_word' id='word_1_295' title='bbox 1184 2827 1316 2910; x_wconf 84' lang='lat' dir='ltr'><strong>fecerent</strong></span> <span class='ocrx_word' id='word_1_296' title='bbox 1335 2859 1350 2874; x_wconf 92' lang='lat'><strong>·</strong></span> <span class='ocrx_word' id='word_1_297' title='bbox 1369 2837 1398 2887; x_wconf 88' lang='lat' dir='ltr'><strong>et</strong></span> <span class='ocrx_word' id='word_1_298' title='bbox 1417 2815 1478 2887; x_wconf 83' lang='lat' dir='ltr'><strong>tam</strong></span> <span class='ocrx_word' id='word_1_299' title='bbox 1499 2837 1583 2888; x_wconf 81' lang='lat' dir='ltr'><strong>atrox</strong></span> <span class='ocrx_word' id='word_1_300' title='bbox 1601 2860 1620 2890; x_wconf 54' lang='lat' dir='ltr'><strong>e</strong></span> <span class='ocrx_word' id='word_1_301' title='bbox 1635 2827 1669 2886; x_wconf 85' lang='lat' dir='ltr'><strong>in</strong></span> <span class='ocrx_word' id='word_1_302' title='bbox 1689 2825 1793 2886; x_wconf 66' lang='lat' dir='ltr'><strong>olna·-</strong></span> 
     </span>
     <span class='ocr_line' id='line_1_23' title="bbox 363 2922 1777 3005; baseline 0.004 -21"><span class='ocrx_word' id='word_1_303' title='bbox 363 2943 400 3002; x_wconf 79' lang='lat' dir='ltr'><strong>ro¹</strong></span> <span class='ocrx_word' id='word_1_304' title='bbox 417 2927 508 2988; x_wconf 78' lang='lat' dir='ltr'><strong>ritem</strong></span> <span class='ocrx_word' id='word_1_305' title='bbox 529 2932 649 3005; x_wconf 84' lang='lat' dir='ltr'><strong>egunt·</strong></span> <span class='ocrx_word' id='word_1_306' title='bbox 679 2922 811 2982; x_wconf 82' lang='lat' dir='ltr'><strong>minores</strong></span> <span class='ocrx_word' id='word_1_307' title='bbox 832 2923 980 2981; x_wconf 79' lang='lat' dir='ltr'><strong>cruciatus</strong></span> <span class='ocrx_word' id='word_1_308' title='bbox 1000 2942 1105 2982; x_wconf 89' lang='lat' dir='ltr'><strong>omnes</strong></span> <span class='ocrx_word' id='word_1_309' title='bbox 1123 2955 1135 2970; x_wconf 91' lang='lat'>·</span> <span class='ocrx_word' id='word_1_310' title='bbox 1155 2924 1282 2984; x_wconf 75' lang='lat' dir='ltr'><strong>severior</strong></span> <span class='ocrx_word' id='word_1_311' title='bbox 1301 2935 1343 2986; x_wconf 83' lang='lat' dir='ltr'><strong>m.</strong></span> <span class='ocrx_word' id='word_1_312' title='bbox 1362 2933 1409 3004; x_wconf 77' lang='lat' dir='ltr'><strong>pr.</strong></span> <span class='ocrx_word' id='word_1_313' title='bbox 1431 2931 1535 2986; x_wconf 68' lang='lat' dir='ltr'><strong>siccior</strong></span> <span class='ocrx_word' id='word_1_314' title='bbox 1553 2949 1596 2984; x_wconf 84' lang='lat' dir='ltr'><strong>m.</strong></span> <span class='ocrx_word' id='word_1_315' title='bbox 1615 2950 1672 2988; x_wconf 85' lang='lat' dir='ltr'><strong>sec.</strong></span> <span class='ocrx_word' id='word_1_316' title='bbox 1693 2960 1710 2978; x_wconf 85' lang='lat'><strong>·</strong></span> <span class='ocrx_word' id='word_1_317' title='bbox 1738 2931 1777 2991; x_wconf 90' lang='lat' dir='ltr'><strong>D.</strong></span> 
     </span>
    </p>

    <p class='ocr_par' dir='ltr' id='par_1_5' title="bbox 353 3003 1845 4058">
     <span class='ocr_line' id='line_1_24' title="bbox 363 3003 1845 3109; baseline 0.003 -19"><span class='ocrx_word' id='word_1_318' title='bbox 363 3032 504 3090; x_wconf 80' lang='lat' dir='ltr'><strong>tillenum</strong></span> <span class='ocrx_word' id='word_1_319' title='bbox 524 3061 539 3076; x_wconf 91' lang='lat'><strong>·</strong></span> <span class='ocrx_word' id='word_1_320' title='bbox 566 3028 604 3086; x_wconf 90' lang='lat' dir='ltr'><strong>de</strong></span> <span class='ocrx_word' id='word_1_321' title='bbox 616 3047 714 3109; x_wconf 25' lang='lat' dir='ltr'><strong>*poene</strong></span> <span class='ocrx_word' id='word_1_322' title='bbox 734 3047 854 3106; x_wconf 88' lang='lat' dir='ltr'><strong>possum</strong></span> <span class='ocrx_word' id='word_1_323' title='bbox 878 3025 940 3105; x_wconf 88' lang='lat' dir='ltr'><strong>(sed</strong></span> <span class='ocrx_word' id='word_1_324' title='bbox 960 3026 1179 3108; x_wconf 64' lang='lat' dir='ltr'><strong>ueadpictum)</strong></span> <span class='ocrx_word' id='word_1_325' title='bbox 1200 3056 1216 3070; x_wconf 95' lang='lat'><em>·</em></span> <span class='ocrx_word' id='word_1_326' title='bbox 1243 3029 1276 3087; x_wconf 90' lang='lat' dir='ltr'><strong>in</strong></span> <span class='ocrx_word' id='word_1_327' title='bbox 1296 3031 1443 3088; x_wconf 87' lang='lat' dir='ltr'><strong>sententie</strong></span> <span class='ocrx_word' id='word_1_328' title='bbox 1464 3043 1526 3088; x_wconf 88' lang='lat' dir='ltr'><strong>non</strong></span> <span class='ocrx_word' id='word_1_329' title='bbox 1547 3030 1595 3089; x_wconf 83' lang='lat' dir='ltr'><strong>ad.</strong></span> <span class='ocrx_word' id='word_1_330' title='bbox 1615 3065 1632 3076; x_wconf 94' lang='lat'><em>-</em></span> <span class='ocrx_word' id='word_1_331' title='bbox 1657 3053 1693 3092; x_wconf 86' lang='lat' dir='ltr'><strong>ee</strong></span> <span class='ocrx_word' id='word_1_332' title='bbox 1712 3034 1778 3094; x_wconf 80' lang='lat' dir='ltr'><strong>alite</strong></span> <span class='ocrx_word' id='word_1_333' title='bbox 1838 3003 1845 3015; x_wconf 34' lang='grc' dir='ltr'><strong><em>Δ</em></strong></span> 
     </span>
     <span class='ocr_line' id='line_1_25' title="bbox 362 3131 1777 3222; baseline 0.001 -26"><span class='ocrx_word' id='word_1_334' title='bbox 362 3135 599 3220; x_wconf 67' lang='lat' dir='ltr'><strong>leges-gravius</strong></span> <span class='ocrx_word' id='word_1_335' title='bbox 619 3131 765 3195; x_wconf 82' lang='lat' dir='ltr'><strong>verberari</strong></span> <span class='ocrx_word' id='word_1_336' title='bbox 777 3167 793 3181; x_wconf 92' lang='lat'>-</span> <span class='ocrx_word' id='word_1_337' title='bbox 811 3151 853 3190; x_wconf 86' lang='lat' dir='ltr'><strong>on</strong></span> <span class='ocrx_word' id='word_1_338' title='bbox 868 3132 967 3190; x_wconf 87' lang='lat' dir='ltr'><strong>minus</strong></span> <span class='ocrx_word' id='word_1_339' title='bbox 983 3151 1074 3222; x_wconf 70' lang='lat' dir='ltr'><strong>grave</strong></span> <span class='ocrx_word' id='word_1_340' title='bbox 1093 3132 1148 3210; x_wconf 85' lang='lat' dir='ltr'><strong>(on</strong></span> <span class='ocrx_word' id='word_1_341' title='bbox 1167 3152 1221 3212; x_wconf 91' lang='lat' dir='ltr'><strong>per</strong></span> <span class='ocrx_word' id='word_1_342' title='bbox 1233 3132 1394 3210; x_wconf 87' lang='lat' dir='ltr'><strong>emendet.)</strong></span> <span class='ocrx_word' id='word_1_343' title='bbox 1415 3152 1501 3214; x_wconf 80' lang='lat' dir='ltr'><strong>gravo</strong></span> <span class='ocrx_word' id='word_1_344' title='bbox 1520 3144 1586 3194; x_wconf 86' lang='lat' dir='ltr'><strong>eet·</strong></span> <span class='ocrx_word' id='word_1_345' title='bbox 1598 3136 1692 3197; x_wconf 84' lang='lat' dir='ltr'><strong>levius</strong></span> <span class='ocrx_word' id='word_1_346' title='bbox 1712 3147 1777 3198; x_wconf 85' lang='lat' dir='ltr'><strong>est·</strong></span> 
     </span>
     <span class='ocr_line' id='line_1_26' title="bbox 362 3235 1783 3319; baseline 0 -17"><span class='ocrx_word' id='word_1_347' title='bbox 362 3253 397 3302; x_wconf 78' lang='lat' dir='ltr'><strong>‘er</strong></span> <span class='ocrx_word' id='word_1_348' title='bbox 416 3241 503 3301; x_wconf 79' lang='lat' dir='ltr'><strong>reltue</strong></span> <span class='ocrx_word' id='word_1_349' title='bbox 525 3238 696 3298; x_wconf 88' lang='lat' dir='ltr'><strong>domesticis</strong></span> <span class='ocrx_word' id='word_1_350' title='bbox 716 3236 782 3296; x_wconf 82' lang='lat' dir='ltr'><strong>orte</strong></span> <span class='ocrx_word' id='word_1_351' title='bbox 806 3248 877 3298; x_wconf 84' lang='lat' dir='ltr'><strong>eunt</strong></span> <span class='ocrx_word' id='word_1_352' title='bbox 895 3269 911 3283; x_wconf 93' lang='lat'>·</span> <span class='ocrx_word' id='word_1_353' title='bbox 938 3235 976 3295; x_wconf 87' lang='lat' dir='ltr'><strong>ed</strong></span> <span class='ocrx_word' id='word_1_354' title='bbox 996 3239 1116 3318; x_wconf 82' lang='lat' dir='ltr'><strong>ignaros</strong></span> <span class='ocrx_word' id='word_1_355' title='bbox 1143 3243 1206 3316; x_wconf 87' lang='lat' dir='ltr'><strong>ejus</strong></span> <span class='ocrx_word' id='word_1_356' title='bbox 1225 3249 1278 3298; x_wconf 87' lang='lat' dir='ltr'><strong>eut</strong></span> <span class='ocrx_word' id='word_1_357' title='bbox 1299 3241 1399 3302; x_wconf 89' lang='lat' dir='ltr'><strong>minus</strong></span> <span class='ocrx_word' id='word_1_358' title='bbox 1420 3238 1519 3299; x_wconf 80' lang='lat' dir='ltr'><strong>bonos</strong></span> <span class='ocrx_word' id='word_1_359' title='bbox 1535 3244 1670 3319; x_wconf 81' lang='lat' dir='ltr'><strong>pervenit</strong></span> <span class='ocrx_word' id='word_1_360' title='bbox 1688 3274 1703 3290; x_wconf 92' lang='lat'><em>·</em></span> <span class='ocrx_word' id='word_1_361' title='bbox 1734 3243 1783 3304; x_wconf 77' lang='lat' dir='ltr'><strong>Hs</strong></span> 
     </span>
     <span class='ocr_line' id='line_1_27' title="bbox 363 3341 1776 3431; baseline 0.002 -27"><span class='ocrx_word' id='word_1_362' title='bbox 363 3347 462 3427; x_wconf 85' lang='lat' dir='ltr'><strong>primo</strong></span> <span class='ocrx_word' id='word_1_363' title='bbox 483 3361 598 3424; x_wconf 86' lang='lat' dir='ltr'><strong>coepere</strong></span> <span class='ocrx_word' id='word_1_364' title='bbox 616 3376 628 3390; x_wconf 93' lang='lat'><em>·</em></span> <span class='ocrx_word' id='word_1_365' title='bbox 649 3343 723 3402; x_wconf 87' lang='lat' dir='ltr'><strong>elios</strong></span> <span class='ocrx_word' id='word_1_366' title='bbox 744 3341 893 3421; x_wconf 85' lang='lat' dir='ltr'><strong>ejusmodi</strong></span> <span class='ocrx_word' id='word_1_367' title='bbox 912 3373 926 3418; x_wconf 74' lang='lat'><strong>·,</strong></span> <span class='ocrx_word' id='word_1_368' title='bbox 954 3351 1007 3400; x_wconf 86' lang='lat' dir='ltr'><strong>out</strong></span> <span class='ocrx_word' id='word_1_369' title='bbox 1027 3343 1152 3431; x_wconf 81' lang='lat' dir='ltr'><strong>domum</strong></span> <span class='ocrx_word' id='word_1_370' title='bbox 1173 3353 1227 3403; x_wconf 85' lang='lat' dir='ltr'><strong>eut</strong></span> <span class='ocrx_word' id='word_1_371' title='bbox 1246 3346 1350 3405; x_wconf 81' lang='lat' dir='ltr'><strong>villam</strong></span> <span class='ocrx_word' id='word_1_372' title='bbox 1370 3377 1386 3392; x_wconf 91' lang='lat'><strong>·</strong></span> <span class='ocrx_word' id='word_1_373' title='bbox 1411 3356 1464 3404; x_wconf 84' lang='lat' dir='ltr'><strong>eut</strong></span> <span class='ocrx_word' id='word_1_374' title='bbox 1481 3363 1531 3406; x_wconf 78' lang='lat' dir='ltr'><strong>res</strong></span> <span class='ocrx_word' id='word_1_375' title='bbox 1551 3377 1564 3391; x_wconf 93' lang='lat'><strong>·</strong></span> <span class='ocrx_word' id='word_1_376' title='bbox 1588 3349 1635 3406; x_wconf 87' lang='lat' dir='ltr'><strong>uti</strong></span> <span class='ocrx_word' id='word_1_377' title='bbox 1655 3347 1688 3406; x_wconf 89' lang='lat' dir='ltr'><strong>in</strong></span> <span class='ocrx_word' id='word_1_378' title='bbox 1707 3379 1721 3396; x_wconf 91' lang='lat'><em>·</em></span> <span class='ocrx_word' id='word_1_379' title='bbox 1741 3349 1776 3408; x_wconf 83' lang='lat' dir='ltr'><strong>in</strong></span> 
     </span>
     <span class='ocr_line' id='line_1_28' title="bbox 353 3447 1784 3534; baseline 0.002 -24"><span class='ocrx_word' id='word_1_380' title='bbox 353 3460 457 3511; x_wconf 78' lang='lat' dir='ltr'><strong>metm</strong></span> <span class='ocrx_word' id='word_1_381' title='bbox 477 3457 547 3508; x_wconf 83' lang='lat' dir='ltr'><strong>eunt</strong></span> <span class='ocrx_word' id='word_1_382' title='bbox 567 3469 608 3507; x_wconf 93' lang='lat' dir='ltr'><strong>m.</strong></span> <span class='ocrx_word' id='word_1_383' title='bbox 629 3467 674 3526; x_wconf 88' lang='lat' dir='ltr'><strong>pr.</strong></span> <span class='ocrx_word' id='word_1_384' title='bbox 695 3447 733 3508; x_wconf 83' lang='lat' dir='ltr'><strong>rit</strong></span> <span class='ocrx_word' id='word_1_385' title='bbox 754 3467 795 3508; x_wconf 88' lang='lat' dir='ltr'><strong>m.</strong></span> <span class='ocrx_word' id='word_1_386' title='bbox 816 3468 840 3507; x_wconf 91' lang='lat' dir='ltr'><strong>s.</strong></span> <span class='ocrx_word' id='word_1_387' title='bbox 869 3480 883 3496; x_wconf 92' lang='lat'>-</span> <span class='ocrx_word' id='word_1_388' title='bbox 913 3467 1011 3530; x_wconf 87' lang='lat' dir='ltr'><strong>neque</strong></span> <span class='ocrx_word' id='word_1_389' title='bbox 1032 3469 1166 3529; x_wconf 81' lang='lat' dir='ltr'><strong>unquam</strong></span> <span class='ocrx_word' id='word_1_390' title='bbox 1187 3449 1318 3510; x_wconf 76' lang='lat' dir='ltr'><strong>audacie</strong></span> <span class='ocrx_word' id='word_1_391' title='bbox 1337 3469 1442 3532; x_wconf 74' lang='lat' dir='ltr'><strong>egerere</strong></span> <span class='ocrx_word' id='word_1_392' title='bbox 1468 3482 1480 3496; x_wconf 92' lang='lat'><strong>·</strong></span> <span class='ocrx_word' id='word_1_393' title='bbox 1516 3447 1597 3510; x_wconf 82' lang='lat' dir='ltr'><strong>hane</strong></span> <span class='ocrx_word' id='word_1_394' title='bbox 1616 3473 1687 3534; x_wconf 86' lang='lat' dir='ltr'><strong>ergo</strong></span> <span class='ocrx_word' id='word_1_395' title='bbox 1707 3471 1784 3513; x_wconf 65' lang='lat' dir='ltr'><strong>eeu-r</strong></span> 
     </span>
     <span class='ocr_line' id='line_1_29' title="bbox 363 3531 1775 3636; baseline 0.004 -24"><span class='ocrx_word' id='word_1_396' title='bbox 363 3545 450 3618; x_wconf 51' lang='lat' dir='ltr'><strong>sem-⁸</strong></span> <span class='ocrx_word' id='word_1_397' title='bbox 473 3557 522 3617; x_wconf 76' lang='lat'><strong>52.</strong></span> <span class='ocrx_word' id='word_1_398' title='bbox 541 3557 639 3614; x_wconf 69' lang='lat' dir='ltr'><strong>finem,</strong></span> <span class='ocrx_word' id='word_1_399' title='bbox 656 3531 861 3636; x_wconf 52' lang='lat' dir='ltr'><strong>lecit&#39;e&#39;sup.</strong></span> <span class='ocrx_word' id='word_1_400' title='bbox 883 3553 939 3617; x_wconf 87' lang='lat' dir='ltr'><strong>lin.</strong></span> <span class='ocrx_word' id='word_1_401' title='bbox 958 3589 973 3604; x_wconf 92' lang='lat'>-</span> <span class='ocrx_word' id='word_1_402' title='bbox 994 3575 1112 3614; x_wconf 87' lang='lat' dir='ltr'><strong>mecum</strong></span> <span class='ocrx_word' id='word_1_403' title='bbox 1133 3556 1324 3635; x_wconf 23' lang='lat' dir='ltr'><strong>ipse-reputo</strong></span> <span class='ocrx_word' id='word_1_404' title='bbox 1343 3583 1359 3597; x_wconf 90' lang='lat'>-</span> <span class='ocrx_word' id='word_1_405' title='bbox 1379 3556 1472 3634; x_wconf 83' lang='lat' dir='ltr'><strong>magis</strong></span> <span class='ocrx_word' id='word_1_406' title='bbox 1488 3575 1579 3635; x_wconf 86' lang='lat' dir='ltr'><strong>quem</strong></span> <span class='ocrx_word' id='word_1_407' title='bbox 1599 3577 1704 3618; x_wconf 60' lang='lat' dir='ltr'><strong>anem</strong></span> <span class='ocrx_word' id='word_1_408' title='bbox 1726 3579 1775 3618; x_wconf 84' lang='lat' dir='ltr'><strong>oe·</strong></span> 
     </span>
     <span class='ocr_line' id='line_1_30' title="bbox 364 3643 1774 3744; baseline 0.002 -24"><span class='ocrx_word' id='word_1_409' title='bbox 364 3669 427 3720; x_wconf 83' lang='lat' dir='ltr'><strong>tere</strong></span> <span class='ocrx_word' id='word_1_410' title='bbox 447 3661 603 3720; x_wconf 75' lang='lat' dir='ltr'><strong>malefacte</strong></span> <span class='ocrx_word' id='word_1_411' title='bbox 624 3671 689 3720; x_wconf 87' lang='lat' dir='ltr'><strong>tum</strong></span> <span class='ocrx_word' id='word_1_412' title='bbox 710 3643 884 3741; x_wconf 75' lang='lat' dir='ltr'><strong>persequere</strong></span> <span class='ocrx_word' id='word_1_413' title='bbox 896 3658 1005 3742; x_wconf 90' lang='lat' dir='ltr'><strong>(sedin</strong></span> <span class='ocrx_word' id='word_1_414' title='bbox 1016 3658 1075 3720; x_wconf 86' lang='lat' dir='ltr'><strong>hec</strong></span> <span class='ocrx_word' id='word_1_415' title='bbox 1087 3679 1160 3721; x_wconf 76' lang='lat' dir='ltr'><strong>voce</strong></span> <span class='ocrx_word' id='word_1_416' title='bbox 1180 3680 1200 3718; x_wconf 84' lang='lat' dir='ltr'><em>a</em></span> <span class='ocrx_word' id='word_1_417' title='bbox 1220 3659 1364 3735; x_wconf 85' lang='lat' dir='ltr'><strong>deletum)</strong></span> <span class='ocrx_word' id='word_1_418' title='bbox 1376 3691 1387 3704; x_wconf 94' lang='lat'><strong>·</strong></span> <span class='ocrx_word' id='word_1_419' title='bbox 1400 3658 1442 3718; x_wconf 87' lang='lat' dir='ltr'><strong>ite</strong></span> <span class='ocrx_word' id='word_1_420' title='bbox 1464 3657 1669 3744; x_wconf 76' lang='lat' dir='ltr'><strong>cujescnnque</strong></span> <span class='ocrx_word' id='word_1_421' title='bbox 1689 3662 1774 3723; x_wconf 85' lang='lat' dir='ltr'><strong>modi</strong></span> 
     </span>
     <span class='ocr_line' id='line_1_31' title="bbox 362 3765 1774 3846; baseline 0.001 -21"><span class='ocrx_word' id='word_1_422' title='bbox 362 3774 433 3825; x_wconf 82' lang='lat' dir='ltr'><strong>sunt</strong></span> <span class='ocrx_word' id='word_1_423' title='bbox 452 3798 467 3813; x_wconf 94' lang='lat'><strong>·</strong></span> <span class='ocrx_word' id='word_1_424' title='bbox 495 3785 560 3825; x_wconf 90' lang='lat' dir='ltr'><strong>non</strong></span> <span class='ocrx_word' id='word_1_425' title='bbox 590 3766 627 3825; x_wconf 91' lang='lat' dir='ltr'><strong>de</strong></span> <span class='ocrx_word' id='word_1_426' title='bbox 655 3769 804 3825; x_wconf 88' lang='lat' dir='ltr'><strong>sociorum</strong></span> <span class='ocrx_word' id='word_1_427' title='bbox 825 3798 839 3813; x_wconf 93' lang='lat'>·</span> <span class='ocrx_word' id='word_1_428' title='bbox 868 3771 970 3827; x_wconf 82' lang='lat' dir='ltr'><strong>anime</strong></span> <span class='ocrx_word' id='word_1_429' title='bbox 989 3777 1083 3830; x_wconf 81' lang='lat' dir='ltr'><strong>restro</strong></span> <span class='ocrx_word' id='word_1_430' title='bbox 1104 3785 1146 3827; x_wconf 84' lang='lat' dir='ltr'><strong>m.</strong></span> <span class='ocrx_word' id='word_1_431' title='bbox 1166 3786 1212 3846; x_wconf 90' lang='lat' dir='ltr'><strong>pr.</strong></span> <span class='ocrx_word' id='word_1_432' title='bbox 1234 3785 1265 3825; x_wconf 86' lang='lat' dir='ltr'><strong>n.</strong></span> <span class='ocrx_word' id='word_1_433' title='bbox 1285 3785 1352 3844; x_wconf 75' lang='lat' dir='ltr'><strong>sup</strong></span> <span class='ocrx_word' id='word_1_434' title='bbox 1372 3765 1428 3824; x_wconf 90' lang='lat' dir='ltr'><strong>lin.</strong></span> <span class='ocrx_word' id='word_1_435' title='bbox 1448 3800 1463 3816; x_wconf 89' lang='lat'><strong>·</strong></span> <span class='ocrx_word' id='word_1_436' title='bbox 1491 3768 1534 3825; x_wconf 85' lang='lat' dir='ltr'><strong>ite</strong></span> <span class='ocrx_word' id='word_1_437' title='bbox 1553 3787 1585 3826; x_wconf 80' lang='lat' dir='ltr'><strong>re</strong></span> <span class='ocrx_word' id='word_1_438' title='bbox 1606 3787 1701 3831; x_wconf 83' lang='lat' dir='ltr'><strong>mores</strong></span> <span class='ocrx_word' id='word_1_439' title='bbox 1719 3766 1774 3828; x_wconf 85' lang='lat' dir='ltr'><strong>he-</strong></span> 
     </span>
     <span class='ocr_line' id='line_1_32' title="bbox 362 3843 1775 3956; baseline 0.001 -25"><span class='ocrx_word' id='word_1_440' title='bbox 362 3870 455 3942; x_wconf 74' lang='lat' dir='ltr'><strong>beent</strong></span> <span class='ocrx_word' id='word_1_441' title='bbox 473 3904 488 3919; x_wconf 94' lang='lat'><em>·</em></span> <span class='ocrx_word' id='word_1_442' title='bbox 515 3871 627 3933; x_wconf 74' lang='lat' dir='ltr'><strong>&#39;timens</strong></span> <span class='ocrx_word' id='word_1_443' title='bbox 647 3861 688 3931; x_wconf 77' lang='lat' dir='ltr'><strong>ut</strong></span> <span class='ocrx_word' id='word_1_444' title='bbox 701 3882 754 3930; x_wconf 86' lang='lat' dir='ltr'><strong>sut</strong></span> <span class='ocrx_word' id='word_1_445' title='bbox 773 3893 792 3930; x_wconf 81' lang='lat' dir='ltr'>a</span> <span class='ocrx_word' id='word_1_446' title='bbox 811 3873 1007 3956; x_wconf 66' lang='lat' dir='ltr'><strong>popularibus</strong></span> <span class='ocrx_word' id='word_1_447' title='bbox 1030 3872 1080 3952; x_wconf 85' lang='lat' dir='ltr'><strong>(ne</strong></span> <span class='ocrx_word' id='word_1_448' title='bbox 1099 3873 1126 3934; x_wconf 87' lang='lat' dir='ltr'><strong>si</strong></span> <span class='ocrx_word' id='word_1_449' title='bbox 1145 3891 1237 3933; x_wconf 67' lang='lat' dir='ltr'><strong>romae</strong></span> <span class='ocrx_word' id='word_1_450' title='bbox 1255 3869 1314 3930; x_wconf 85' lang='lat' dir='ltr'><strong>sint</strong></span> <span class='ocrx_word' id='word_1_451' title='bbox 1334 3871 1462 3950; x_wconf 85' lang='lat' dir='ltr'><strong>omissis)</strong></span> <span class='ocrx_word' id='word_1_452' title='bbox 1476 3843 1523 3932; x_wconf 69' lang='lat' dir='ltr'><strong>lin</strong></span> <span class='ocrx_word' id='word_1_453' title='bbox 1543 3872 1616 3932; x_wconf 86' lang='lat' dir='ltr'><strong>urbe</strong></span> <span class='ocrx_word' id='word_1_454' title='bbox 1636 3893 1700 3934; x_wconf 88' lang='lat' dir='ltr'><strong>non</strong></span> <span class='ocrx_word' id='word_1_455' title='bbox 1720 3893 1775 3952; x_wconf 89' lang='lat' dir='ltr'><strong>per</strong></span> 
     </span>
     <span class='ocr_line' id='line_1_33' title="bbox 363 3977 1773 4058; baseline 0.003 -24"><span class='ocrx_word' id='word_1_456' title='bbox 363 3981 458 4034; x_wconf 79' lang='lat' dir='ltr'><strong>totam</strong></span> <span class='ocrx_word' id='word_1_457' title='bbox 477 4008 489 4022; x_wconf 91' lang='lat'>-</span> <span class='ocrx_word' id='word_1_458' title='bbox 509 3977 535 4036; x_wconf 86' lang='lat' dir='ltr'><strong>si</strong></span> <span class='ocrx_word' id='word_1_459' title='bbox 566 3979 608 4036; x_wconf 85' lang='lat' dir='ltr'><strong>ita</strong></span> <span class='ocrx_word' id='word_1_460' title='bbox 636 3986 708 4036; x_wconf 86' lang='lat' dir='ltr'><strong>esset</strong></span> <span class='ocrx_word' id='word_1_461' title='bbox 735 3979 831 4037; x_wconf 87' lang='lat' dir='ltr'><strong>multo</strong></span> <span class='ocrx_word' id='word_1_462' title='bbox 851 4013 866 4026; x_wconf 90' lang='lat'><strong>·</strong></span> <span class='ocrx_word' id='word_1_463' title='bbox 894 3979 982 4058; x_wconf 82' lang='lat' dir='ltr'><strong>copia</strong></span> <span class='ocrx_word' id='word_1_464' title='bbox 1002 3978 1089 4038; x_wconf 88' lang='lat' dir='ltr'><strong>nobis</strong></span> <span class='ocrx_word' id='word_1_465' title='bbox 1109 4013 1120 4025; x_wconf 95' lang='lat'><em>·</em></span> <span class='ocrx_word' id='word_1_466' title='bbox 1140 3977 1193 4058; x_wconf 78' lang='lat' dir='ltr'><strong>-ed</strong></span> <span class='ocrx_word' id='word_1_467' title='bbox 1213 3977 1326 4036; x_wconf 90' lang='lat' dir='ltr'><strong>bellum</strong></span> <span class='ocrx_word' id='word_1_468' title='bbox 1344 3987 1494 4038; x_wconf 77' lang='lat' dir='ltr'><strong>arcessunt</strong></span> <span class='ocrx_word' id='word_1_469' title='bbox 1513 4009 1527 4024; x_wconf 85' lang='lat'>·</span> <span class='ocrx_word' id='word_1_470' title='bbox 1551 3985 1624 4056; x_wconf 84' lang='lat' dir='ltr'><strong>cnm</strong></span> <span class='ocrx_word' id='word_1_471' title='bbox 1646 3979 1773 4050; x_wconf 81' lang='lat' dir='ltr'><strong>exercitu</strong></span> 
     </span>
    </p>
   </div>
   <div class='ocr_carea' id='block_1_5' title="bbox 360 4083 1879 4162">
    <p class='ocr_par' dir='ltr' id='par_1_6' title="bbox 360 4083 1879 4162">
     <span class='ocr_line' id='line_1_34' title="bbox 360 4083 1879 4162; baseline 0.006 -25"><span class='ocrx_word' id='word_1_472' title='bbox 360 4097 450 4158; x_wconf 79' lang='lat' dir='ltr'><strong>supra</strong></span> <span class='ocrx_word' id='word_1_473' title='bbox 470 4092 561 4160; x_wconf 83' lang='lat' dir='ltr'><strong>ceput</strong></span> <span class='ocrx_word' id='word_1_474' title='bbox 581 4091 624 4141; x_wconf 85' lang='lat' dir='ltr'><strong>est</strong></span> <span class='ocrx_word' id='word_1_475' title='bbox 652 4113 666 4128; x_wconf 90' lang='lat'><strong>·</strong></span> <span class='ocrx_word' id='word_1_476' title='bbox 691 4085 877 4144; x_wconf 82' lang='lat' dir='ltr'><strong>cunctamini</strong></span> <span class='ocrx_word' id='word_1_477' title='bbox 897 4087 985 4146; x_wconf 84' lang='lat' dir='ltr'><strong>etiam</strong></span> <span class='ocrx_word' id='word_1_478' title='bbox 1008 4105 1092 4144; x_wconf 89' lang='lat' dir='ltr'><strong>nune</strong></span> <span class='ocrx_word' id='word_1_479' title='bbox 1113 4083 1255 4143; x_wconf 86' lang='lat' dir='ltr'><strong>dubitetis</strong></span> <span class='ocrx_word' id='word_1_480' title='bbox 1282 4111 1296 4128; x_wconf 86' lang='lat'><strong>·</strong></span> <span class='ocrx_word' id='word_1_481' title='bbox 1322 4090 1411 4162; x_wconf 81' lang='lat' dir='ltr'><strong>&#39;etque</strong></span> <span class='ocrx_word' id='word_1_482' title='bbox 1430 4093 1558 4142; x_wconf 78' lang='lat' dir='ltr'><strong>armatos</strong></span> <span class='ocrx_word' id='word_1_483' title='bbox 1578 4084 1773 4145; x_wconf 81' lang='lat' dir='ltr'><strong>dimittetis.</strong></span> <span class='ocrx_word' id='word_1_484' title='bbox 1873 4097 1879 4101; x_wconf 87' lang='grc'><em>“</em></span> 
     </span>
    </p>
   </div>
   <div class='ocr_carea' id='block_1_6' title="bbox 360 4185 1826 4486">
    <p class='ocr_par' dir='ltr' id='par_1_7' title="bbox 360 4185 1826 4486">
     <span class='ocr_line' id='line_1_35' title="bbox 361 4185 1809 4264; baseline 0.003 -23"><span class='ocrx_word' id='word_1_485' title='bbox 361 4185 563 4264; x_wconf 85' lang='lat' dir='ltr'><strong>inmiseriam</strong></span> <span class='ocrx_word' id='word_1_486' title='bbox 584 4196 679 4246; x_wconf 76' lang='lat' dir='ltr'><strong>vertet</strong></span> <span class='ocrx_word' id='word_1_487' title='bbox 698 4219 712 4234; x_wconf 93' lang='lat'>-</span> <span class='ocrx_word' id='word_1_488' title='bbox 742 4188 893 4249; x_wconf 80' lang='lat' dir='ltr'><strong>imovero</strong></span> <span class='ocrx_word' id='word_1_489' title='bbox 913 4190 1040 4248; x_wconf 81' lang='lat' dir='ltr'><strong>maxima</strong></span> <span class='ocrx_word' id='word_1_490' title='bbox 1059 4219 1072 4236; x_wconf 84' lang='lat'><strong>·</strong></span> <span class='ocrx_word' id='word_1_491' title='bbox 1097 4190 1231 4248; x_wconf 82' lang='lat' dir='ltr'><strong>mollicie</strong></span> <span class='ocrx_word' id='word_1_492' title='bbox 1252 4187 1348 4248; x_wconf 86' lang='lat' dir='ltr'><strong>animi</strong></span> <span class='ocrx_word' id='word_1_493' title='bbox 1368 4221 1381 4235; x_wconf 91' lang='lat'>-</span> <span class='ocrx_word' id='word_1_494' title='bbox 1413 4189 1550 4260; x_wconf 81' lang='lat' dir='ltr'><strong>videlicet</strong></span> <span class='ocrx_word' id='word_1_495' title='bbox 1570 4188 1628 4248; x_wconf 85' lang='lat' dir='ltr'><strong>diis</strong></span> <span class='ocrx_word' id='word_1_496' title='bbox 1649 4190 1809 4256; x_wconf 55' lang='lat' dir='ltr'><strong>immor-3</strong></span> 
     </span>
     <span class='ocr_line' id='line_1_36' title="bbox 361 4288 1772 4380; baseline 0 -32"><span class='ocrx_word' id='word_1_497' title='bbox 361 4288 470 4350; x_wconf 80' lang='lat' dir='ltr'><strong>talibus</strong></span> <span class='ocrx_word' id='word_1_498' title='bbox 491 4293 597 4352; x_wconf 74' lang='lat' dir='ltr'><strong>conlisi</strong></span> <span class='ocrx_word' id='word_1_499' title='bbox 619 4325 629 4338; x_wconf 93' lang='lat'><strong>·</strong></span> <span class='ocrx_word' id='word_1_500' title='bbox 655 4294 756 4352; x_wconf 86' lang='lat' dir='ltr'><strong>omnia</strong></span> <span class='ocrx_word' id='word_1_501' title='bbox 777 4315 919 4374; x_wconf 82' lang='lat' dir='ltr'><strong>prospere</strong></span> <span class='ocrx_word' id='word_1_502' title='bbox 939 4295 1049 4357; x_wconf 87' lang='lat' dir='ltr'><strong>cedunt</strong></span> <span class='ocrx_word' id='word_1_503' title='bbox 1066 4323 1086 4342; x_wconf 92' lang='lat'><strong>·</strong></span> <span class='ocrx_word' id='word_1_504' title='bbox 1104 4295 1279 4356; x_wconf 66' lang='lat' dir='ltr'><strong>ceterasita</strong></span> <span class='ocrx_word' id='word_1_505' title='bbox 1300 4295 1402 4354; x_wconf 87' lang='lat' dir='ltr'><strong>eorum</strong></span> <span class='ocrx_word' id='word_1_506' title='bbox 1422 4327 1434 4344; x_wconf 88' lang='lat'><strong>·</strong></span> <span class='ocrx_word' id='word_1_507' title='bbox 1455 4295 1513 4356; x_wconf 75' lang='lat' dir='ltr'><strong>nisi</strong></span> <span class='ocrx_word' id='word_1_508' title='bbox 1534 4298 1664 4374; x_wconf 25' lang='lat' dir='ltr'><strong>alterum·</strong></span> <span class='ocrx_word' id='word_1_509' title='bbox 1678 4298 1743 4380; x_wconf 78' lang='lat' dir='ltr'><strong>jem&#39;</strong></span> <span class='ocrx_word' id='word_1_510' title='bbox 1757 4323 1772 4348; x_wconf 61' lang='grc' dir='ltr'><strong>ρ</strong></span> 
     </span>
     <span class='ocr_line' id='line_1_37' title="bbox 360 4393 1826 4486; baseline 0.003 -32"><span class='ocrx_word' id='word_1_511' title='bbox 360 4393 385 4454; x_wconf 81' lang='lat' dir='ltr'><strong>si</strong></span> <span class='ocrx_word' id='word_1_512' title='bbox 407 4393 588 4464; x_wconf 86' lang='lat' dir='ltr'><strong>mehercules</strong></span> <span class='ocrx_word' id='word_1_513' title='bbox 609 4431 623 4446; x_wconf 93' lang='lat'>-</span> <span class='ocrx_word' id='word_1_514' title='bbox 644 4419 749 4461; x_wconf 83' lang='lat' dir='ltr'><strong>censeo</strong></span> <span class='ocrx_word' id='word_1_515' title='bbox 770 4420 827 4482; x_wconf 79' lang='lat' dir='ltr'><strong>ego</strong></span> <span class='ocrx_word' id='word_1_516' title='bbox 846 4434 858 4449; x_wconf 91' lang='lat'><strong>·</strong></span> <span class='ocrx_word' id='word_1_517' title='bbox 880 4401 913 4464; x_wconf 87' lang='lat' dir='ltr'><strong>iu</strong></span> <span class='ocrx_word' id='word_1_518' title='bbox 934 4403 1005 4466; x_wconf 84' lang='lat' dir='ltr'><strong>civis</strong></span> <span class='ocrx_word' id='word_1_519' title='bbox 1025 4401 1240 4483; x_wconf 78' lang='lat' dir='ltr'><strong>patriamque·</strong></span> <span class='ocrx_word' id='word_1_520' title='bbox 1263 4399 1372 4468; x_wconf 59' lang='lat' dir='ltr'><strong>tend</strong></span> <span class='ocrx_word' id='word_1_521' title='bbox 1393 4401 1502 4468; x_wconf 81' lang='lat' dir='ltr'><strong>coelum</strong></span> <span class='ocrx_word' id='word_1_522' title='bbox 1522 4401 1623 4464; x_wconf 83' lang='lat' dir='ltr'><strong>serunt</strong></span> <span class='ocrx_word' id='word_1_523' title='bbox 1643 4431 1656 4448; x_wconf 92' lang='lat'><strong>·</strong></span> <span class='ocrx_word' id='word_1_524' title='bbox 1675 4399 1770 4459; x_wconf 79' lang='lat' dir='ltr'><strong>sensti</strong></span> <span class='ocrx_word' id='word_1_525' title='bbox 1822 4483 1826 4486; x_wconf 11' lang='grc' dir='ltr'><strong>ᾖ</strong></span> 
     </span>
    </p>
   </div>
   <div class='ocr_carea' id='block_1_7' title="bbox 0 0 2172 5351">
    <p class='ocr_par' dir='ltr' id='par_1_8' title="bbox 0 0 2172 5351">
     <span class='ocr_line' id='line_1_38' title="bbox 0 0 2172 5351; baseline 0 0"><span class='ocrx_word' id='word_1_526' title='bbox 0 0 2172 5351; x_wconf 95' lang='lat' dir='ltr'><strong> </strong></span> 
     </span>
    </p>
   </div>
  </div>
 </body>
</html>
