4282 5390
376 529 428 627 74

374 723 567 800 mentatus,
585 717 630 779 ad
653 710 816 800 proelium
834 709 930 791 quod
947 704 1141 785 Hirtulejus
1154 702 1299 767 Sertorii
1313 701 1446 786 legatus
1458 683 1694 783 cnm-Iollio,
1710 701 1794 764 Gal·

373 825 431 890 liae
444 819 677 887 Narbonensis
690 817 857 904 praeside,
875 835 947 880 non
962 814 1088 899 procul
1107 812 1222 874 Ilerda
1238 809 1425 884 commisit,
1445 806 1694 888 illustrandum
1710 827 1792 889 per.

375 930 487 992 tinere
504 927 631 991 statuit.
653 924 713 988 cfr.
724 923 879 987 Frontin.
897 923 1078 1008 Stratag.I.
1089 921 1120 982 5.
1133 921 1171 999 83
1191 926 1350 980 caeterum
1371 915 1410 977 in
1426 912 1607 977 nonnullis
1622 912 1793 977 Prisciani

377 1037 487 1098 Codd.
506 1040 571 1095 esta
593 1051 675 1094 cnm
698 1019 817 1092 multa
837 1049 929 1092 cura
948 1025 1188 1090 circumdata.
1209 1026 1377 1112 Braeterea
1394 1020 1514 1084 Carrio
1536 1041 1619 1082 eum
1645 1019 1684 1081 in
1710 1037 1792 1082 eum

376 1137 506 1202 mutari
518 1137 636 1215 jubet,
658 1134 740 1220 quia
758 1137 855 1197 Arus.
873 1135 1002 1197 Messus
1021 1129 1252 1194 circumdare
1269 1121 1416 1212 aliquid
1432 1148 1475 1188 re
1493 1125 1622 1208 aliqua
1639 1145 1680 1194 ex
1692 1124 1793 1186 Salu-

376 1244 443 1308 stio
462 1245 592 1306 laudat.
612 1244 679 1306 Sed
692 1235 722 1305 si
741 1262 821 1305 eum
837 1237 1072 1324 emendaveris
1092 1231 1331 1300 circumdedit
1349 1234 1544 1318 corrigatur
1567 1248 1703 1294 necesse
1732 1235 1792 1292 est.

376 1365 478 1424 -ia-
497 1349 553 1414 At
574 1349 659 1411 inde
672 1347 789 1410 nulla.
809 1348 858 1408 Ex
869 1343 1046 1406 Plutarchi
1068 1341 1169 1424 loco,
1189 1362 1293 1422 quem
1310 1360 1413 1424 supra
1430 1337 1589 1414 laudari,
1611 1344 1702 1400 recte
1720 1334 1795 1396 col-

377 1453 486 1537 ligas,
508 1454 581 1516 baec
596 1456 639 1516 ad
653 1453 898 1536 Laccobrigam
916 1469 938 1508 a
959 1448 1102 1510 Metello
1114 1449 1286 1512 obsessam
1302 1448 1487 1533 pertinere.
1506 1447 1607 1520 -46.-
1625 1439 1795 1507 Ardebat

377 1554 496 1622 omnir
512 1549 711 1638 Hispania.
730 1557 774 1629 «ἰ.
790 1575 818 1616 e.
833 1554 940 1619 bello.
961 1551 1029 1615 cie.
1043 1555 1127 1636 Epp.
1142 1556 1186 1614 ad
1202 1556 1279 1617 Div.
1300 1571 1328 1630 4.
1350 1577 1383 1615 ιε
1405 1553 1524 1616 orbem
1543 1558 1709 1610 terr-amm
1724 1545 1794 1606 im-

377 1663 485 1745 perlis
496 1661 708 1736 distributis,
729 1663 849 1722 ardere
863 1658 958 1721 hello
967 1683 978 1734 ;
998 1679 1063 1741 pro
1079 1660 1301 1721 vehementer
1321 1655 1541 1720 commoveri.
1558 1655 1640 1716 Caes.
1653 1655 1689 1713 Β.
1703 1649 1794 1730 Gall.

380 1768 406 1826 5.
429 1781 467 1844 29
478 1786 493 1826 :1
507 1767 629 1826 ardere
649 1765 800 1827 Galliam
812 1783 816 1790 ’
828 1771 878 1826 tot
902 1763 1123 1826 contumeliis
1144 1757 1292 1847 acceptis
1313 1765 1376 1826 sub
1396 1762 1520 1846 populi
1545 1763 1587 1823 R.
1606 1757 1793 1843 imperium

375 1871 556 1933 redactam.
586 1869 708 1952 Dictys
731 1871 758 1932 I.
795 1871 851 1932 16:
882 1870 1026 1932 ardebat
1053 1867 1170 1958 studio
1190 1869 1279 1930 belli
1307 1868 1421 1932 omnis
1453 1867 1595 1931 Graecia.
1620 1858 1718 1926 A'dde
1734 1862 1794 1924 111.

300 2059 308 2068 ,
375 1973 466 2037 Hist.
497 1974 558 2038 Or.
583 1973 726 2037 Macri.»
746 1976 856 2043 Corte.
885 1991 989 2055 -47.-
1008 1976 1061 2038 Et
1083 1995 1225 2056 ponere
1253 1972 1410 2038 validam
1440 1974 1574 2036 urbem.
1607 1971 1793 2033 secundam

375 2099 495 2142 vocem
516 2099 589 2143 esse
612 2086 808 2162 corruptam
831 2080 969 2141 nullum
994 2089 1044 2142 est
1064 2079 1231 2158 dubium;
1264 2083 1308 2142 ad
1330 2081 1560 2164 conjecturas,
1581 2077 1708 2159 quibus
1725 2071 1796 2136 viri

376 2181 472 2244 docti
499 2183 593 2243 hunc
622 2182 740 2244 locum
767 2200 889 2244 sanare
920 2186 1141 2263 studuerunt,
1171 2186 1261 2244 adde
1292 2183 1509 2290 Hipponam
1539 2193 1573 2242 et
1600 2178 1795 2287 Vizonem3

377 2306 481 2368 quam
500 2283 682 2350 Pulschius
713 2285 929 2350 confirmavit
958 2286 1162 2350 auctoritate
1188 2287 1377 2370 Stephani:
1405 2255 1544 2360 Bagam
1533 2254 1635 2348 Ἠλίς
1653 2251 1793 2351 notwi-

377 2395 464 2467 ..hac
486 2412 626 2473 quoque
643 2391 799 2476 syllaba,
822 2391 889 2472 ait,
900 2391 1038 2451 nullum
1060 2411 1189 2454 nomen
1211 2391 1326 2470 reperi
1339 2391 1579 2470 terminatum,
1599 2389 1669 2450 nisi
1686 2409 1795 2452 unum

375 2500 531 2564 barbarae
555 2500 704 2562 civitatis
721 2500 850 2556 lectum
873 2492 911 2550 in
933 2490 1083 2547 Salustio
1104 2490 1186 2549 Vizo
1205 2487 1375 2548 Vironisst’
1395 2491 1480 2569 Quae
1497 2491 1640 2567 quidem
1661 2493 1796 2569 conjec-

355 2677 357 2682 Ι
376 2617 454 2664 tura
473 2595 563 2664 mihi
582 2597 725 2679 quidem
745 2595 934 2655 admodum
954 2590 1150 2673 probabilis
1169 2589 1317 2654 videtur.
1345 2591 1546 2678 Tigennam
1564 2595 1711 2672 conjecit
1732 2599 1795 2659 Co·

381 2707 484 2766 lorus.
512 2702 618 2762 Debr.
646 2707 681 2761 et
700 2704 899 2778 propterea
923 2695 1187 2774 exprimendum
1212 2695 1358 2774 curavit3
1380 2705 1522 2758 restare
1539 2719 1604 2781 pro
1625 2695 1795 2762 resistere

379 2807 498 2868 Livius
513 2807 542 2866 6.
562 2807 612 2866 30.
634 2812 667 2866 et
686 2799 774 2862 alibi
792 2797 890 2861 dixit.
909 2797 987 2872 -48.
1004 2804 1037 2859 et
1052 2816 1130 2876 49.-
1150 2797 1210 2858 cfr.
1228 2801 1317 2862 Plut.
1338 2803 1379 2864 V.
1399 2803 1570 2865 serlone.
1590 2823 1619 2883 9.
1642 2813 1794 2867 ceterum

379 2919 629 2998 transgressos
649 2909 744 2989 quod
771 2908 815 2967 de
840 2901 1083 2986 navigantibus
1103 2902 1234 2964 dictum
1253 2902 1393 2966 Asinius
1413 2906 1527 2968 Pollio
1553 2909 1703 2972 Salustio
1729 2910 1795 2972 cri·

379 3015 470 3079 mini
487 3021 652 3088 verterat,
671 3018 882 3095 usurparunt
903 3008 1104 3086 Suetonius,
1124 3010 1277 3093 Tacitus,
1298 3008 1432 3089 Livius,
1453 3010 1514 3073 cfr.
1533 3013 1624 3074 Suet.
1645 3016 1725 3076 Caes.
1742 3017 1794 3078 35.

373 3123 455 3182 Tac.
467 3115 581 3199 Agric.
598 3117 634 3175 18
643 3139 653 3189 3
668 3113 1043 3189 Liv.4a.1.simileest:
1059 3114 1250 3177 ambulare
1260 3115 1411 3200 navibus
1426 3119 1516 3200 apud
1527 3117 1687 3182 Ennium.
1709 3121 1794 3204 Lip-

379 3224 450 3289 sius
468 3219 574 3305 Epist.
602 3236 632 3296 4.
660 3236 707 3296 14.
734 3213 773 3281 in
797 3213 1092 3300 Mauritaniam,
1121 3225 1154 3278 et
1167 3213 1310 3306 furtim
1333 3217 1440 3282 abiit:
1466 3220 1655 3287 celeritate
1679 3226 1795 3292 vitare

379 3325 590 3410 emendavit,
619 3332 652 3388 et
673 3325 819 3390 verbum
842 3331 895 3386 est
920 3323 959 3384 in
982 3323 1053 3396 fine
1077 3322 1222 3402 delevit,
1255 3325 1380 3388 melius
1401 3327 1523 3408 utique
1546 3329 1697 3409 Corlius,
1731 3333 1793 3414 qui

370 3428 513 3523 suatim
535 3440 648 3512 atque
678 3425 867 3494 eeleritate
890 3429 1076 3512 legendum
1097 3448 1168 3492 csse
1192 3439 1317 3492 censet.
1337 3450 1465 3493 nomen
1496 3436 1643 3517 montis,
1665 3437 1727 3514 qui
1753 3439 1791 3500 in

381 3539 491 3602 Codd.
512 3534 608 3599 varie
625 3535 807 3618 scribitur,
827 3535 1023 3625 Belenum,
1045 3533 1141 3611 cujus
1163 3533 1356 3616 Stephanus
1380 3534 1557 3611 meminit,
1585 3536 1689 3600 fuisse
1710 3542 1792 3602 Put-

328 3656 331 3662 '
380 3643 495 3708 schrus
508 3642 636 3706 statuit
663 3639 725 3702 cir.
744 3661 798 3726 ap.
818 3619 977 3703 strabon.
992 3643 1071 3703 Rer.
1095 3640 1201 3724 Geog.
1222 3642 1251 3702 3
1276 3661 1310 3722 p.
1332 3655 1399 3715 140.
1419 3642 1476 3704 Ed.
1494 3635 1662 3706 Almelov.
1684 3615 1791 3713 Βηλων

379 3718 481 3814 πολις
499 3731 558 3803 καὶ
576 3755 783 3829 arreptas·-
768 3748 866 3808 -.50-
877 3749 1019 3811 Earum
1031 3744 1117 3807 alroe
1131 3754 1192 3807 etc
1208 3745 1303 3805 haud
1315 3746 1417 3807 dubie
1428 3767 1535 3810 naves
1550 3750 1791 3832 supplendum,

382 3855 439 3940 agi
463 3853 602 3918 videtur
621 3856 665 3917 de
692 3852 796 3916 classe
827 3851 1050 3935 Mithridatis,
1082 3871 1158 3932 quae
1181 3850 1219 3912 in
1240 3853 1352 3914 Ponto
1378 3852 1596 3938 naufragium
1618 3855 1708 3919 fecit.
1730 3859 1791 3922 cfr.

381 3960 473 4022 Plut.
489 3962 531 4022 V.
550 3962 631 4021 Luc.
649 3979 744 4022 c.,1r.
767 3979 847 4022 cnm
870 3953 1078 4045 agitaverat
1084 3981 1095 4034 ;
1117 3955 1324 4020 indicativus
1343 3979 1384 4020 ex
1403 3979 1499 4021 more
1516 3961 1636 4042 priscae
1662 3964 1791 4049 linguae

382 4060 543 4148 ponilur3
565 4061 660 4138 cujus
671 4069 847 4126 structurae
860 4061 1042 4125 innumera
1056 4063 1149 4146 apud
1160 4064 1321 4124 Plautum
1340 4065 1506 4147 exempla.
1529 4065 1589 4126 cfr.
1604 4070 1674 4129 Lex
1687 4071 1792 4130 Plan-

382 4168 445 4231 tin.
470 4172 608 4228 auctore
631 4166 749 4229 Pareo.
785 4170 889 4231 -51.-
916 4170 1058 4232 Locum
1083 4164 1293 4244 editiorem,
1323 4190 1433 4250 quam
1459 4165 1661 4234 victoribus
1692 4173 1793 4238 dece-¹

383 4272 457 4336 bat.
479 4271 539 4334 cfr.
560 4290 662 4355 supra
676 4273 721 4334 ad
737 4273 831 4336 Orat.
851 4272 942 4336 Phil.
964 4269 1076 4361 digna
1090 4268 1242 4341 nomini.
1263 4273 1381 4338 Graeca
1395 4275 1606 4338 'constructio
1623 4276 1682 4340 cfr.
1706 4279 1790 4344 Vos·
1894 4346 1905 4353 ,

385 4377 455 4444 sius
474 4381 517 4444 de
539 4377 671 4442 Consti.
683 4398 712 4444 c.
724 4381 787 4459 353
808 4385 842 4443 et
858 4380 969 4442 multa
989 4379 1145 4464 exempla
1164 4399 1220 4464 ap.
1238 4381 1408 4446 Plautum.
1430 4383 1553 4468 Amph.
1567 4385 1612 4447 Π.
1632 4401 1662 4448 a.
1681 4385 1718 4447 18
1723 4411 1735 4463 3
1758 4389 1790 4450 3.
