4334 5354
1667 517 1735 592 551
1815 619 1847 640 „·

334 705 499 791 Inprimis
519 705 646 767 multas
666 700 881 786 Thucydidis
906 708 939 766 et
964 687 1205 768 Demosthenis
1233 702 1417 768 sententias
1444 707 1623 791 expressit,
1656 731 1741 792 quas

333 813 460 900 passim
481 809 717 890 laudavimus3
742 811 831 874 adde
847 811 978 890 quaeV.
997 809 1030 872 C.
1052 811 1176 893 Poppo
1188 809 1339 896 collegit,
1361 799 1424 872 ubi
1442 812 1484 875 de
1506 810 1742 884 imitatoribus

326 915 548 1010 ,Thucydidis
569 915 766 980 doctissime
777 914 973 1001 disputavit
987 938 1022 999 p.
1014 920 1109 997 ..379
1127 935 1201 997 sqq.
1217 914 1278 978 cfr.
1301 915 1337 978 G.
1358 937 1384 979 1.
1404 922 1438 980 et
1453 917 1517 980 Th.
1537 934 1566 980 2.
1588 933 1640 994 40.
1661 923 1696 984 C.
1715 928 1744 988 3.

333 1027 522 1094 Th...2³5
553 1022 1743 1105 csTha40csssrnssacsaThsttatan

335 1149 435 1209 2..4ο
455 1131 486 1194 J.
505 1147 555 1208 42.
576 1131 624 1192 lla.
644 1132 741 1193 Idem
757 1129 838 1192 satis
855 1137 952 1207 acute
973 1129 1112 1194 Caesaris
1129 1127 1323 1192 orationem
1343 1134 1392 1196 51
1415 1149 1494 1193 cum
1516 1128 1663 1195 Diodoti
1677 1133 1742 1200 Tb.

335 1241 366 1304 3.
393 1239 442 1310 42,
467 1256 541 1320 sqq.
561 1237 740 1322 Jugurthae
770 1255 798 1298 c.
829 1252 882 1315 49.
914 1253 992 1298 cum
1011 1233 1233 1328 Phormiopis
1262 1235 1325 1298 Th.
1354 1257 1383 1298 2.
1406 1236 1457 1315 89.
1488 1234 1667 1319 ipsamque
1690 1235 1744 1300 di

334 1341 601 1427 gressionemC,
622 1345 651 1404 6.
678 1359 751 1423 sqq.
775 1342 818 1404 de
836 1341 987 1422 antiquar
1007 1331 1207 1424 reipubllcae
1225 1348 1335 1425 statu,
1351 1362 1431 1406 cum
1450 1342 1669 1428 Thucydidis
1687 1363 1744 1408 ex-

335 1449 437 1511 ordio
458 1447 679 1531 comparavit.
700 1449 784 1530 Quae
809 1444 927 1510 omnia
948 1447 996 1510 ita
1015 1454 1095 1511 sunt
1113 1447 1361 1535 intelligenda,
1388 1457 1427 1511 ut
1450 1450 1545 1530 quod
1564 1449 1744 1534 Thucydi-

336 1555 395 1618 des
405 1552 585 1637 primus
551 1573 643 1616 viam
665 1551 960 1635 ἰιιὶειιι,“ᾳιιιιιιι
950 1574 986 1615 ru
1007 1553 1163 1618 historiis
1179 1553 1436 1620 conscribendis
1458 1553 1527 1616 sibi
1545 1551 1744 1640 ingredien-

335 1661 415 1728 dam
429 1678 499 1722 esse
517 1659 683 1722 Salustius
697 1658 928 1744 judicaverat,
950 1660 1038 1722 tanti
1057 1661 1127 1724 viri
1143 1661 1336 1744 exemplum
1357 1664 1403 1722 ad
1419 1659 1646 1724 Salustianam
1668 1678 1745 1724 ora·

334 1762 466 1829 tionem
491 1767 725 1828 exornandam
748 1765 896 1829 valuisse
925 1755 1061 1829 statuas.
1103 1770 1190 1829 Nam
1211 1786 1288 1847 quae
1308 1765 1562 1832 nonnullorum
1581 1761 1648 1826 fuit
1667 1763 1745 1848 opi-

333 1855 416 1950 ιιίο,Ἰ
431 1869 583 1954 plurima
603 1874 697 1954 apud
716 1870 903 1932 Salustium
925 1889 966 1930 ex
987 1868 1115 1932 Graccis
1138 1888 1211 1932 esse
1229 1871 1411 1951 translata,
1433 1891 1474 1934 ea
1497 1872 1575 1934 solo
1599 1871 1744 1934 illorum

334 1974 532 2036 testimonio
552 1974 745 2057 refellitur,
767 1972 830 2052 qui
848 1972 887 2035 in
906 1954 1064 2033 oratione
1079 1973 1319 2053 componenda
1331 1972 1521 2036 Salustium
1536 1973 1667 2056 priscos
1681 1977 1746 2039 La-

334 2075 426 2138 tinos
446 2077 647 2159 scriptores,
671 2075 901 2159 inprimisque
927 2076 1092 2137 Catonem
1112 2083 1245 2138 secutos
1270 2092 1341 2139 csse
1361 2077 1683 2159 comprobaverunt.

383 2180 578 2242 Verborum
589 2183 880 2261 structoresquod
892 2178 1016 2245 attinet
1029 2184 1208 2262 totumque
1228 2180 1397 2265 orationis
1412 2181 1576 2266 colorem,
1592 2185 1745 2248 nonnul-

335 2287 370 2350 la
384 2284 526 2367 quidem
538 2287 643 2369 plane
655 2307 696 2350 ex
708 2285 834 2350 Graeeis
846 2266 1001 2370 expressa
1013 2285 1160 2368 dixeris,
1180 2286 1231 2348 ita
1244 2295 1284 2350 ut
1302 2285 1446 2349 nonnisi
1466 2286 1523 2350 his
1538 2288 1744 2370 comparatis

335 2390 499 2475 explicari
512 2400 544 2454 et
552 2391 856 2478 intelligipossint,
865 2392 969 2475 longe
976 2389 1245 2474 plurimaautem
1251 2390 1301 2456 ita
1308 2390 1576 2476 conformata,ut
1585 2399 1620 2456 et
1628 2391 1743 2477 prisco

334 2496 504 2580 sermoni,
532 2504 565 2560 et
592 2497 743 2562 auctoris
763 2495 907 2582 ingenio
929 2491 1060 2578 optime
1082 2495 1319 2564 convenirent.
1362 2497 1440 2584 Quo
1465 2479 1505 2562 in
1525 2517 1650 2584 genere
1670 2487 1746 2582 pla-

335 2621 380 2665 ne
399 2603 563 2667 abborret
582 2624 603 2666 a
621 2608 800 2687 po‘e'tarum
822 2600 1000 2686 ipsiusque
1018 2602 1132 2665 Taciti
1151 2603 1250 2684 stilo,
1280 2602 1343 2684 qui
1364 2604 1499 2668 Graecas
1519 2602 1745 2672 construetio-

335 2727 397 2772 nes
422 2709 553 2772 Latinis
581 2709 696 2773 verbis
728 2708 919 2792 exprimere
947 2707 1027 2770 satis
1062 2708 1223 2772 habuere.
1264 2710 1342 2769 Jem
1371 2727 1468 2772 mera
1497 2710 1615 2774 Graeca
1644 2715 1725 2772 sunt
1734 2737 1746 2770 ι,

334 2815 413 2898 Jug.
436 2818 488 2888 34.
521 2836 601 2896 quoe
628 2808 688 2878 ira
705 2813 795 2896 fieri
812 2821 926 2878 amat.
950 2810 1010 2878 cfr.
1032 2812 1063 2874 J.
1083 2826 1134 2886 4r.
1159 2812 1230 2874 inc.
1249 2815 1299 2874 60'.
1323 2819 1358 2876 et
1379 2815 1509 2880 Comm.
1526 2811 1630 2896 plebi
1646 2810 1745 2880 miti-

335 2924 390 2982 lia
410 2916 551 2983 volenti
563 2909 822 3000 putabaturl.
843 2919 894 2992 84.
915 2917 977 2982 cfr.
1000 2917 1107 2976 Math.
1129 2917 1188 2976 Gr.
1203 2916 1262 2978 Gr.
1284 2937 1318 2994 p.
1310 2916 1404 3023 .524.
1424 2912 1668 3002 gignenticJ.
1691 2941 1741 3001 79.

310 3036 312 3041 '
336 3029 386 3103 93.
408 3023 469 3084 cfr.
491 3026 622 3083 Comm.
638 3015 873 3127 postfuturi
892 3020 936 3080 H.
959 3021 986 3080 1.
1012 3021 1057 3080 15.
1079 2994 1111 3072 ⁰3l
1125 3025 1244 3072 ίπϋῒῶ
1262 3024 1473 3099 ῪΕΜΝΜΜ
1514 3022 1706 3084 multus
1689 3045 1747 3086 m·

336 3127 486 3188 stach.
509 3125 558 3196 84.
586 3095 694 3184 πολυς
722 3092 864 3178 t'ttxwo
906 3123 974 3182 Sed
1007 3122 1062 3186 vel
1091 3123 1158 3194 hoe
1186 3122 1411 3204 antiquorum
1442 3124 1649 3209 scriptorum
1679 3147 1746 3190 usu

333 3231 405 3308 jam
427 3226 542 3289 tritius
562 3225 701 3288 factum
709 3224 789 3288 vide
809 3227 999 3289 comment.
1020 3223 1167 3290 servitio
1188 3225 1294 3313 cujus
1316 3232 1354 3292 C.
1376 3233 1427 3298 56.
1459 3230 1554 3310 cujus
1574 3239 1746 3298 structura

336 3333 467 3398 similia
498 3331 577 3395 vide
606 3332 698 3414 apud
729 3333 931 3414 Popponem
960 3333 1003 3395 de
1034 3332 1167 3400 Eloeut.
1192 3335 1300 3400 Thuc.
1322 3357 1356 3419 p.
1380 3355 1428 3445 9²·
1451 3342 1501 3419 93.
1536 3335 1597 3399 cfr.
1618 3340 1650 3402 J.
1674 3359 1743 3402 roo.

338 3434 539 3524 diffidentia
550 3432 700 3525 futuri,
723 3457 864 3518 quae—
822 3437 1092 3500 e-onstructio
1113 3449 1144 3490 π
1144 3449 1196 3516 eos
1213 3449 1248 3491 το
1269 3449 1512 3522 σημαινιμινον,

418 3546 515 3607 Adde
541 3542 728 3626 perfectum
756 3542 834 3605 loeo
864 3542 983 3621 coristi
1009 3542 1120 3608 Graeci
1147 3553 1359 3627 usurpatum.
1400 3546 1551 3610 Relativi
1571 3566 1679 3634 genus
1699 3554 1745 3614 ad

336 3649 584 3714 substantivum
607 3647 769 3730 relatum,
799 3651 894 3731 quod
916 3669 957 3712 ex
977 3650 1192 3714 antecedenti
1210 3651 1323 3713 verbo·
1339 3651 1570 3734 supplendum
1592 3661 1651 3720 est.
1682 3655 1741 3718 cfr.

337 3758 445 3820 Math.
475 3756 611 3817 Gr..Gr.
631 3777 667 3836 p.
697 3757 767 3816 603.
789 3764 822 3818 et
842 3754 1004 3837 inprimis
1024 3757 1099 3838 Iph.
1120 3755 1197 3818 Aul.
1221 3756 1312 3833 1418.
1347 3757 1409 3836 qui
1431 3757 1527 3820 locus
1547 3759 1742 3824 salustiano

339 3863 425 3928 Cat:
443 3865 490 3928 ι8.
519 3868 569 3924 est
593 3859 791 3927 simillinus.
835 3860 1002 3923 Praeterea
1029 3859 1176 3944 propius
1194 3864 1239 3924 ad
1260 3863 1412 3927 Graecam
1434 3860 1625 3930 dictionem
1647 3888 1744 3933 acce·

338 3970 424 4030 dunt
444 3965 629 4048 adjectiva,
655 3986 730 4046 quae
749 3965 821 4028 vim
841 3965 1130 4030 substantivorum
1151 3966 1345 4052 accipiunt3
1370 3978 1405 4032 et
1423 3970 1635 4054 pronomina
1656 3995 1742 4037 neu-
1843 4001 1846 4016 ·

338 4085 407 4154 tra,
427 4081 504 4158 post
523 4071 734 4134 substantiva
753 4070 943 4134 masculina
963 4080 996 4134 et
1014 4071 1196 4136 ¹foeurinina
1214 4074 1339 4158 posita3
1361 4076 1426 4142 etsi
1446 4098 1490 4153 qe
1510 4081 1578 4142 hoc
1598 4079 1742 4161 quidem

339 4201 360 4244 a
386 4179 545 4242 Latinis
530 4175 700 4240 sermonis
729 4184 851 4240 natura
877 4177 1029 4241 alienum
1057 4187 1116 4240 est.
1158 4181 1270 4243 Multa
1296 4180 1367 4243 alie
1387 4191 1478 4248 reete
1499 4185 1641 4266 quidem
1663 4205 1742 4248 cum

339 4287 465 4352 Graecis
485 4290 730 4368 comparantur
749 4286 809 4347 sed
830 4303 902 4346 non
923 4303 965 4348 ex
984 4283 1028 4346 iis
1047 4284 1275 4368 potissimum,
1296 4289 1426 4350 nedum
1447 4309 1489 4352 ex
1507 4292 1582 4354 solo
1605 4293 1743 4374 Thucy-

216 4445 220 4451 ,
339 4389 438 4474 dide,
457 4389 644 4457 derivanda
664 4396 760 4466 sunt,
781 4407 860 4452 nam
881 4409 923 4458 ex
942 4389 1049 4474 ipsius
1070 4381 1199 4459 Latine
1219 4391 1350 4478 linguae
1371 4394 1527 4460 fontibus
1545 4393 1628 4462 satis
1649 4413 1749 4460 eom·-
