4282 5390
450 465 502 558 44
899 443 914 482 ⁰

442 660 572 730 aarum
592 661 659 739 est,
688 661 729 720 ut
748 654 882 737 aliquot
898 651 1037 736 gentes
1051 646 1091 712 in
1119 645 1333 713 deditionem
1356 643 1533 726 4441444415
1560 647 1623 714 etr.
1644 651 1714 716 Sal.
1734 652 1857 743 fragm.

444 768 491 836 11.
508 787 565 848 444
587 763 657 832 Cic.
674 761 712 828 ln
731 761 847 826 Pison.
871 777 918 836 19.
951 755 1018 820 Sed
1038 752 1188 839 Appiusf,
1207 752 1325 816 animo
1347 771 1439 837 eger
1458 760 1561 833 atque
1579 756 1671 820 curis
1688 758 1853 850 afflictus,

444 878 479 940 et
497 870 638 956 lumper
653 867 776 932 morbo
800 868 977 946 correptus
995 868 1076 926 ante
1094 878 1214 944 pacem
1232 857 1458 941 compositam
1477 857 1583 942 periit
1602 859 1665 930 cfr.
1683 865 1781 930 Oros.
1795 868 1855 948 ll,

445 993 488 1030 a..
509 979 552 1038 In
575 975 686 1056 Urbe,
707 964 898 1053 composito
921 965 1019 1030 bello
1044 964 1158 1047 civiti,
1183 962 1308 1049 Lepidi
1329 963 1432 1036 sociis
1452 964 1515 1048 qui
1534 965 1578 1030 ab
1605 967 1714 1032 armis
1730 970 1856 1044 disces-

441 1081 573 1162 serant,
593 1074 775 1142 seditionis
793 1071 904 1160 gratia
924 1071 1022 1136 facta.
1035 1068 1073 1154 ⁶)
1109 1070 1186 1156 Qua
1205 1068 1244 1134 in
1258 1089 1304 1135 re
1319 1069 1497 1156 precipua
1525 1073 1640 1138 (1414411
1661 1075 1739 1140 laus
1763 1085 1852 1159 erat3

442 1185 539 1262 cujus
560 1179 779 1248 clementiam
796 1179 986 1272 plurimum
1002 1177 1047 1240 ad
1059 1177 1249 1240 sedandum
1267 1177 1454 1241 tumultum
1465 1176 1594 1256 fecisse,
1614 1181 1757 1246 Orosius
1771 1201 1854 1248 auc-

442 1297 498 1352 tor
516 1296 575 1354 est.
596 1290 763 1372 Magnum
782 1303 923 1368 quoque
941 1284 1006 1346 1444
1026 1280 1065 1344 in
1087 1301 1124 1347 re
1145 1283 1255 1348 Caesar
1273 1281 1391 1366 posuit
1408 1268 1567 1348 studium
1579 1286 1770 1369 habuitque
1782 1289 1854 1354 hac

441 1396 486 1460 do
504 1413 542 1460 re
562 1392 767 1461 concionem
789 1389 852 1458 cir.
871 1392 1009 1455 sueton.
1029 1388 1098 1452 Jul.
1119 1389 1148 1452 ⁵.
1167 1390 1206 1454 Α.
1226 1388 1316 1454 Gell.
1337 1391 1378 1452 N.
1397 1390 1441 1450 Aa
1455 1390 1546 1452 Xlll.
1566 1389 1664 1474 33⁸⁹)

414 1567 416 1569 ·
442 1531 897 1658 amsucuuxrmr.
910 1571 956 1648 u.
969 1569 1008 1645 0.
1021 1567 1200 1650 consuto
1213 1570 1251 1648 c.
1267 1514 1857 1664 octavus-coortumcorso.

367 1801 368 1804 Ἴ
443 1757 450 1768 -2
523 1717 652 1790 ,Reate
668 1720 768 1780 terrea
790 1719 888 1780 motu
911 1713 999 1778 mdes
1018 1731 1121 1776 saerae
1140 1711 1180 1776 in
1197 1709 1340 1811 oppido*
1354 1710 1514 1796 agrisque
1534 1716 1723 1777 commotae.
1750 1711 1853 1792 Saxa,

442 1819 570 1925 quibus
592 1817 709 1885 torum
735 1827 879 1904 stratum
906 1826 998 1904 erat,
1022 1817 1183 1885 discussa.
1211 1817 1338 1894 Pontes
1360 1815 1563 1902 interrupti,
1598 1816 1682 1901 ripae
1705 1813 1854 1880 labentis

442 1967 681 1990 m

446 2060 454 2100 1,
521 2037 609 2098 Nam
626 2035 792 2100 Suetonio
805 2019 972 2120 auctore,
999 2031 1115 2102 statim
1130 2038 1208 2116 post
1228 2030 1444 2119 triumphurn
1460 2030 1571 2094 Caesar
1590 2047 1670 2094 eum
1693 2026 1850 2112 arripuit.

324 2119 330 2134 ‘
438 2137 479 2199 V.
498 2137 623 2202 Caeso.
643 2155 673 2211 4.
693 2133 811 2206 Falsus
833 2141 942 2224 igitur
960 2146 1079 2201 auctor
1098 2135 1227 2220 dialog.
1247 2135 1291 2198 de
1311 2137 1406 2200 Orat.
1430 2134 1475 2216 (e.
1493 2139 1558 2210 34.)
1581 2133 1644 2214 qui
1659 2133 1770 2196 trihus
1789 2151 1852 2194 an·
1881 2197 1886 2207 ,

438 2237 493 2300 nis
511 2244 589 2300 ante
609 2237 676 2298 hoc
693 2244 807 2298 actum
829 2258 900 2301 esse
920 2241 1049 2301 statuit.
1060 2241 1167 2302 Cum
1173 2241 1275 2299 enim
1293 2259 1375 2305 uno
1378 2247 1417 2308 et
1430 2237 1606 2318 rigesimo
1623 2235 1732 2299 aetatis
1757 2253 1850 2296 anno

438 2341 604 2406 Gaesarem
621 2339 841 2426 Dolabellam
862 2353 1033 2421 accusasse
1053 2337 1161 2418 dicat,
1182 2334 1272 2398 alius
1290 2335 1503 2414 Dolabellae,
1535 2335 1598 2414 qui
1617 2335 1734 2397 Asiam
1756 2357 1854 2404 reae·

432 2453 508 2528 rat,
529 2461 665 2508 causam
680 2461 759 2506 cum
769 2419 835 2504 hac
852 2447 1077 2504 commutasse
1086 2440 1233 2504 videtur
1251 2437 1313 2501 cfr.
1329 2437 1404 2500 Asc.
1424 2438 1507 2500 Ped.
1497 2458 1554 2519 .p.
1571 2437 1621 2500 81.
1633 2458 1685 2516 9¹·
1699 2443 1768 2502 436.
1759 2442 1854 2522 ‚qul

386 2527 388 2536 ¹
436 2558 471 2616 et
487 2550 562 2634 ipse
576 2548 687 2612 multa
706 2545 828 2610 turbat.
847 2543 1031 2638 Dolabella
1046 2543 1151 2622 enim,
1170 2565 1235 2625 qua
1222 2540 1383 2624 'Asiam,
1403 2539 1545 2625 Lyciam
1563 2549 1597 2606 et
1608 2541 1853 2628 Pamphyliam

439 2674 518 2728 cum
538 2657 646 2722 Verre
666 2661 832 2736 questore
856 2651 1081 2736 expilaverat,
1100 2647 1235 2734 Lepido
1258 2654 1292 2712 et
1312 2647 1435 2712 Catulo
1458 2649 1585 2745 Cossa
1605 2649 1732 2712 Scauro
1751 2669 1852 2734 repe·
1944 2667 1945 2672 ’

286 2731 291 2738 ⁸
321 2757 324 2763 ’
438 2762 624 2824 turdarum
644 2759 835 2844 postulatus
853 2767 887 2822 et
908 2760 1088 2842 damnatus
1111 2753 1236 2821 fuerat.
1256 2753 1317 2817 clr.
1336 2752 1406 2816 Cio.
1420 2756 1512 2816 Brut.
1531 2774 1583 2833 9¹·
1602 2759 1674 2818 Act.
1694 2754 1733 2818 in
1753 2758 1850 2822 Vens.

437 2867 465 2928 Ι.
483 2882 514 2942 4.
533 2868 575 2928 Il.
600 2889 629 2929 4.
650 2868 699 2929 45.
729 2863 847 2952 Pighii
862 2840 986 2931 Annei.
1007 2885 1042 2948 p.
1063 2861 1189 2924 closer
1210 2860 1280 2922 286.
1301 2858 1390 2923 Plut.
1417 2859 1497 2924 Caes.
1514 2875 1544 2934 4.
1564 2859 1687 2939 Vellej.
1703 2861 1747 2925 11.
1771 2879 1799 2926 4.
1821 2867 1873 2930 3.·

465 2971 620 3036 41411144.
635 2973 665 3034 8.
706 3015 715 3034 .
760 3015 768 3031 .

436 2973 467 3038 V
517 3075 555 3160 ⁶)
567 3077 655 3139 Flor.
672 2993 704 3139 39.
716 2977 764 3139 a}
779 3115 797 3150 ,
806 3075 972 3156 Victores,
983 3075 1081 3156 quod
1094 3091 1166 3136 nou
1181 3078 1308 3134 temere
1317 3068 1414 3153 alias,
1422 3088 1506 3154 pace
1516 3067 1671 3136 contenti
1679 3069 1850 3134 fuerunt.)>

518 3179 576 3263 ⁶⁶)
595 3182 682 3245 Sunt
703 3183 766 3264 qui
785 3173 943 3245 Suetonii
964 3188 999 3244 et
1014 3176 1123 3244 Gellii
1136 3174 1348 3270 testimoniis
1369 3177 1631 3264 comprobatum
1650 3178 1782 3261 dicant,
1800 3177 1850 3240 le-

438 3303 535 3371 gem,
556 3289 600 3350 de
615 3305 754 3365 eorum,
773 3286 834 3370 qui
848 3285 974 3371 Lepidi
987 3305 1083 3380 arma
1096 3282 1204 3348 secuti
1216 3289 1344 3358 essem,
1365 3282 1496 3365 reditu,
1516 3282 1684 3348 aPlautio
1698 3285 1851 3365 quodam

331 3423 335 3432 ·
434 3392 556 3468 latam,
587 3393 690 3476 plane
710 3394 881 3460 diversam
909 3413 931 3456 a
950 3386 1106 3462 Plautio
1124 3389 1328 3474 lege'quam
1343 3387 1484 3450 Catulus
1509 3395 1741 3453 renovaverat.
1774 3389 1851 3454 lam
1869 3413 1883 3464 ,·

434 3497 578 3562 Plautia
594 3498 681 3582 legis
703 3499 807 3564 etiam
827 3501 920 3586 apud
932 3497 1117 3568 Asconium
1134 3497 1173 3560 in
1195 3493 1392 3558 cornelian.
1410 3515 1444 3578 p.
1469 3508 1527 3568 444
1549 3492 1590 3556 fit
1614 3492 1766 3573 mentio,
1788 3495 1849 3558 sed

308 3583 311 3592 ’
427 3620 462 3690 [a
473 3612 593 3668 nostro
612 3605 691 3669 loco
711 3604 904 3672 alienaret.
928 3603 1189 3688 Rectiusugrtur
1210 3607 1355 3681 statuas,
1377 3598 1531 3679 ejsudem
1548 3598 1645 3684 legis,
1665 3603 1849 3680 quantum·

359 3751 362 3764 .
403 3743 407 3752 ·
437 3705 489 3770 vis
506 3727 654 3794 sevorae,
667 3711 840 3796 capitibus
855 3711 1001 3796 aliquot
1009 3709 1116 3774 titisse
1145 3706 1333 3789 canutum,
1353 3714 1393 3768 ut
1411 3705 1558 3770 consilia
1577 3702 1789 3768 mutantibus
1817 3710 1851 3766 et
1951 3759 1959 3768 .

333 3821 336 3826 “
436 3813 683 3894 penitentibus
701 3815 823 3878 delicti
840 3815 951 3897 gratia
968 3814 1076 3881 fieret.
1095 3813 1253 3882 Fallitur
1274 3831 1413 3894 quoque
1433 3789 1593 3878 Dstfross.
1617 3811 1661 3877 Η.
1680 3812 1721 3872 R.
1736 3811 1779 3873 R.
1802 3811 1847 3880 11.

437 3917 506 3978 ior.
523 3917 588 3996 qui
606 3919 746 3994 multos,
763 3922 858 3976 tanta
871 3923 1006 3982 senatus
1020 3917 1204 3984 clementia
1220 3916 1450 3994 confirmatos,
1472 3919 1515 3982 de
1528 3915 1664 4002 legibus
1679 3910 1850 3979 Corneliis

437 4006 647 4103 abrogandis
662 4017 845 4103 cogitasse,
865 4035 1052 4101 eorumque
1065 4019 1235 4104 impetum
1251 4021 1427 4102 Ciceronis
1446 4021 1604 4086 oratione
1617 4024 1662 4086 de
1674 4017 1848 4104 proscrip-

436 4131 550 4200 torum
561 4121 682 4188 liberis
689 4123 867 4214 paulisper
874 4141 1063 4208 repressum
1074 4129 1296 4212 studiumque
1308 4127 1547 4216 refrigeratum
1553 4125 1666 4207 fuisse,
1679 4128 1845 4188 autumat.

436 4227 496 4309 cfr.
518 4228 684 4314 Quinctil.
710 4231 791 4296 Inst.
817 4229 917 4295 Rhet.
936 4230 992 4294 xl.
1016 4235 1073 4294 fin.
1089 4259 1091 4262 ·
1109 4234 1200 4308 Plin.
1226 4237 1269 4298 Η.
1294 4239 1334 4302 Ν.
1361 4219 1435 4300 vll.
1463 4235 1512 4294 14.
1545 4229 1613 4292 Cic.
1634 4229 1672 4291 in
1687 4227 1801 4298 Pison.
1820 4247 1849 4299 4.

436 4335 536 4400 Hanc
551 4333 646 4412 enim
663 4334 858 4406 orationem
881 4335 999 4410 Cicero
1024 4337 1154 4414 Consul
1175 4335 1308 4414 habuit.
1334 4321 1394 4410 cir.
1415 4334 1545 4406 Fascis.
1566 4336 1609 4405 Η.
1631 4331 1700 4404 cic.
1719 4354 1756 4421 p.
1779 4349 1847 4405 444,
