4282 5390
419 475 469 566 24

419 684 548 731 corona
566 667 735 732 vendidit.
757 667 866 728 Tanta
885 661 1089 728 crudelitate
1107 680 1204 746 usus,
1225 660 1323 748 luxpi
1337 679 1475 742 quoque
1497 667 1599 744 atque
1619 661 1829 728 libidinibus

418 791 491 837 sese
505 772 612 836 dedit.
635 773 697 840 cfr.
718 769 861 851 Appian.
876 770 912 830 B.
932 769 968 828 C.
987 769 1013 827 I.
1039 773 1105 829 113.
1128 767 1219 828 Plut.
1237 767 1361 829 Sertor.
1385 767 1435 828 25.
1450 764 1490 846 ⁶)
1809 767 1812 776 ’

499 878 620 960 Quare
636 879 872 938 Romanorum
895 870 1070 954 principes
1109 879 1247 933 auctore
1281 871 1454 952 Perperna
1480 868 1756 947 conjurationem
1780 868 1851 936 fe?

420 989 559 1056 cerunt3
588 999 663 1058 quae
681 981 813 1040 detecta
835 983 874 1038 ut
899 975 1091 1038 Sertorium
1113 971 1183 1038 suis
1205 973 1420 1038 infestiorem
1443 975 1613 1057 reddidit,
1639 975 1688 1037 ita
1701 974 1838 1062 ¹conju·¹
1864 993 1868 1002 ·

417 1090 569 1145 ratorum
592 1081 739 1144 consilia
763 1068 972 1144 acceleravit.
995 1082 1046 1141 Ita
1066 1065 1199 1141 factum
1220 1088 1290 1163 est,
1308 1088 1347 1141 ut
1366 1079 1537 1143 Sertorius
1556 1100 1576 1142 a
1598 1077 1654 1154 Μ’.
1677 1078 1829 1144 Antonio

417 1193 451 1249 et
471 1188 519 1254 Μ.
540 1188 713 1268 Perperna
735 1185 882 1266 aliisque
902 1185 1089 1263 conjuratis
1105 1184 1144 1246 in
1162 1185 1321 1248 convivio
1341 1183 1607 1268 interficeretur,
1628 1186 1831 1249 octavodu·

417 1298 510 1353 catus
530 1290 585 1352 sui
606 1310 717 1366 anno,
739 1310 883 1376 magnus
905 1295 974 1354 dux
993 1299 1026 1354 et
1041 1293 1202 1354 adversus
1220 1291 1307 1372 duos
1318 1290 1559 1373 imperatores,
1579 1289 1785 1373 Pompejum
1796 1296 1830 1354 et

417 1382 615 1479 Metelsum,
635 1414 723 1478 saepe
741 1415 824 1478 par,
842 1396 899 1458 vel
916 1395 1132 1478 frequentius
1146 1395 1275 1475 victor3
1297 1398 1341 1458 ad
1354 1385 1518 1458 ultimum
1538 1398 1689 1457 desertus
1702 1403 1736 1457 et
1748 1413 1830 1476 pro·

358 1491 360 1496 ’
419 1499 522 1562 ditus.
551 1500 741 1583 Imperium
763 1499 916 1584 partium
944 1502 997 1562 ad¹
1019 1501 1067 1562 M.
1095 1502 1303 1583 Perpernam
1329 1500 1530 1563 translatum
1554 1509 1613 1565 est.
1636 1501 1746 1582 Quem
1764 1501 1827 1566 Cn.

418 1603 603 1688 Pompejus
620 1603 751 1666 victum
766 1612 970 1688 captumque
987 1605 1180 1682 interfecit,
1202 1626 1240 1668 ac
1258 1605 1385 1689 recepit
1404 1603 1588 1688 Hispanias
1606 1603 1741 1671 decimo
1756 1603 1828 1668 fere

420 1727 530 1788 anno,
552 1729 656 1790 quam
675 1717 823 1793 coeptum
844 1717 917 1772 eret
933 1711 1078 1774 bellum.
1091 1709 1155 1793 oi)
1711 1701 1714 1705 ’

514 1927 551 2010 ⁶)
572 1917 701 1991 Eodem
721 1937 813 1990 anno
838 1927 1043 1991 Dehrossius
1059 1926 1193 2005 judicat
1208 1926 1465 2010 expeditionem
1482 1946 1503 1988 a
1518 1924 1683 2009 Pompejo
1698 1925 1737 1988 in
1749 1926 1831 1988 Gai·

420 2031 555 2098 laeciam
570 2031 714 2111 factam3
735 2053 805 2114 quo
823 2055 900 2096 oum
910 2034 1080 2112 -venisset,
1101 2034 1350 2116 Perpernam¹a
1370 2031 1522 2094 Sertorio
1542 2030 1831 2115 premissum'in·

420 2138 526 2199 venit.
545 2141 666 2216 ltaque
690 2138 729 2196 in
758 2121 971 2200 Lusitaniam
1000 2137 1195 2211 contendit,
1216 2139 1276 2198 sed
1296 2135 1449 2197 militum
1473 2135 1597 2197 timore
1615 2134 1833 2216 prohibitus,
1881 2141 1888 2155 '

318 2253 320 2264 ’
420 2245 553 2307 Lethen
578 2241 723 2304 fluvium
745 2241 980 2313 transire-non
1001 2241 1129 2325 potuit,
1152 2222 1385 2300 nihilominus
1407 2247 1521 2298 tamen
1537 2241 1746 2318 Perpernam
1763 2238 1832 2299 Lu-

422 2345 548 2411 sitania
573 2350 694 2412 cedere
722 2346 845 2430 coegit.
868 2347 929 2410 cfr.
954 2346 1044 2411 Hist.
1072 2343 1171 2425 Reip.
1199 2343 1298 2405 Rom.
1317 2343 1414 2402 Torn.
1437 2342 1481 2401 II.
1503 2348 1537 2424 p'.
1564 2340 1832 2424 174.uhtmala

423 2453 568 2531 conjecit
597 2453 636 2515 in
651 2491 653 2496 .
671 2453 733 2534 Ep.
761 2447 919 2529 Pompeji
956 2449 1001 2506 a'd
1034 2446 1212 2524 Senatum¹
1236 2446 1462 2509 Callaeciam
1500 2464 1565 2527 pro
1602 2441 1727 2508 Gallia
1760 2462 1843 2536 esse

420 2557 651 2623 scribendum.
675 2616 680 2627 .
911 2629 916 2642 .
1577 2596 1579 2602 ,
1667 2596 1669 2600 .

361 2643 367 2648 ’
485 2657 543 2740 ⁰⁰)
573 2657 647 2719 Liv.
669 2655 759 2737 Epit.
782 2656 894 2719 XCVI.
917 2653 994 2718 Val.
1015 2655 1104 2715 Max.
1126 2654 1183 2715 IX.
1214 2659 1260 2718 15.
1279 2668 1309 2727 t.
1329 2654 1420 2716 Plut.
1439 2656 1559 2737 Pomp.
1578 2671 1626 2716 ao.
1646 2654 1773 2716 Sertor.
1801 2674 1831 2716 o.

426 2767 477 2826 26.
502 2783 551 2844 ²7·
571 2759 716 2844 Appiam.
737 2761 780 2822 de
802 2757 905 2820 bellis
923 2757 994 2820 civ.
1013 2761 1038 2820 I.
1063 2763 1129 2820 113.
1157 2774 1223 2834 ¹¹4·
1247 2765 1313 2823 115.
1343 2760 1434 2822 Flor.
1452 2761 1512 2820 III.
1535 2781 1582 2820 ar.
1604 2759 1665 2838 qui
1683 2756 1832 2822 debelii

423 2866 494 2932 fine
515 2866 563 2928 ita
585 2863 740 2948 exponit:
770 2863 872 2929 Victo
894 2863 1080 2943 deditoque
1105 2866 1296 2948 Perperna,
1316 2863 1400 2946 ipsa
1420 2883 1558 2944 quoque
1577 2865 1616 2925 in
1637 2867 1830 2926 Romanam

421 2970 527 3035 fidem
550 2989 675 3034 venere
695 2969 797 3031 urbes
812 2968 927 3043 Osca,
948 2969 1104 3045 Termes,
1124 2968 1242 3051 Tutia,
1262 2967 1439 3047 Valentia,
1461 2967 1606 3030 Auxima
1625 2975 1658 3030 et
1679 2965 1718 3029 in
1739 2965 1831 3030 fame
1946 3018 1948 3022 ,

423 3069 604 3148 nihilnon
626 3082 764 3155 experta
785 3071 973 3156 Calaguris.
998 3072 1153 3136 Victores
1182 3071 1286 3135 duces
1316 3081 1493 3134 externum
1523 3071 1561 3134 id
1589 3071 1697 3154 magis
1726 3091 1830 3152 quam

423 3178 526 3243 civile
539 3179 672 3240 bellum
689 3175 804 3240 videri
816 3177 1019 3258 voluerunt,
1040 3185 1078 3238 ut
1096 3177 1381 3260 triumpharent»
1401 3175 1461 3240 cfr.
1476 3177 1574 3241 Oros.
1586 3179 1628 3245 V·
1644 3180 1694 3238 23.
1712 3178 1831 3250 ,Post-

424 3303 520 3348 remo
540 3283 613 3366 ipse
632 3282 804 3346 Sertorius
820 3283 851 3342 X
871 3284 1011 3344 demum
1030 3299 1122 3347 anno
1139 3283 1226 3346 belli
1246 3282 1399 3346 inchoati
1415 3282 1556 3365 iisdem,
1575 3282 1701 3364 quibus
1720 3289 1753 3344 et
1770 3280 1831 3358 Yi-

395 3455 399 3465 .
422 3388 573 3465 riathus,
594 3406 736 3461 suorum
749 3386 852 3450 ‘dolis
875 3386 1093 3464 interfectus,
1108 3386 1226 3456 „finem
1247 3388 1343 3449 bello
1366 3389 1448 3449 fecit
1469 3388 1703 3468 Romanisque
1722 3387 1831 3449 victo·

392 3483 407 3500 “
422 3492 510 3556 riam
531 3492 606 3556 sine
621 3492 733 3577 gloria
750 3491 861 3575 dedit,
880 3492 1036 3572 quamvis
1055 3495 1262 3574 Perpernam
1274 3500 1392 3572 postea
1405 3504 1486 3571 pars
1506 3489 1578 3566 ejus
1596 3487 1762 3550 exercitus
1776 3507 1830 3550 se·

393 3626 398 3633 ·
425 3597 572 3675 cutasit3
593 3598 686 3676 quia
704 3597 868 3680 Pompejo
884 3597 993 3660 victus
1014 3617 1092 3659 cum
1110 3596 1270 3659 universo
1294 3593 1445 3656 exercitu
1463 3611 1525 3654 suo
1548 3589 1748 3654 interfectus
1769 3600 1828 3658 eat.

400 3775 406 3796 ,
427 3699 632 3776 Civitatibus
649 3721 731 3764 vero
755 3703 886 3766 cunctis
906 3702 999 3763 ultro
1019 3720 1058 3762 ac
1072 3699 1146 3761 sine
1161 3717 1257 3761 mora
1268 3717 1331 3780 per
1343 3694 1556 3758 deditionem
1571 3695 1730 3778 receptis,
1753 3698 1830 3762 duee
1898 3779 1901 3783 .

426 3809 558 3866 tantum
568 3805 857 3886 restiterunt,hoe
866 3813 916 3876 est
928 3808 1060 3868 Uxama
1071 3811 1104 3864 et
1114 3801 1463 3887 Calaguris3quarum
1473 3803 1639 3863 Uxamam
1648 3800 1830 3884 Pompeius

426 3907 563 3981 evertit,
585 3907 781 3988 calagurim
793 3905 974 3986 Afranius,
984 3907 1062 3987 jugi
1076 3906 1259 3969 obsidione
1275 3904 1482 3978 confectam,
1503 3914 1605 3986 atque
1623 3909 1668 3968 ad
1685 3887 1830 3970 infames

298 4014 308 4023 ‘
427 4025 519 4069 escas
540 4007 734 4068 miseranda
757 4005 878 4086 inopia
890 4002 1067 4086 coactam,
1088 4011 1213 4070 ultima
1230 4012 1322 4074 caede
1339 4009 1571 4090 incendioque
1590 4009 1750 4072 delevit.»
1769 4009 1829 4072 cfr.

426 4109 502 4174 vu.
520 4111 610 4170 Max.
627 4110 698 4171 VII.
717 4114 742 4171 6.
762 4113 792 4170 3.
814 4117 962 4170 externa.
988 4112 1145 4172 Ceterum
1165 4112 1318 4188 Vellejus
1339 4114 1383 4173 11.
1402 4116 1453 4173 3ο.
1474 4112 1664 4176 Sertorium
1682 4115 1853 4209 Etoscoe,

316 4243 322 4266 ι
425 4211 672 4293 interemptum
696 4232 766 4276 esse
787 4210 911 4295 tradit,
931 4212 994 4274 ubi
1020 4201 1170 4278 e'ditores
1193 4215 1256 4277 alii
1279 4216 1402 4299 Oscor,
1423 4216 1486 4279 alii
1503 4219 1657 4282 Ileoscoe
1671 4217 1831 4290 emenda·

427 4323 518 4381 runt.
537 4314 599 4382 cfr.
613 4321 705 4382 Noti.
722 4317 907 4388 Variorum
930 4319 1031 4390 adh.
1052 4319 1077 4382 l.
1097 4322 1191 4398 apud
1208 4319 1469 4384 Ruhnkenium.
1490 4321 1551 4386 cfr.
1571 4323 1714 4406 Eutrop.
1732 4322 1829 4386 Brev.
1882 4329 1890 4336 '
