4282 5390
635 348 665 381 lf‘

565 386 632 420 *d*
652 392 668 426 l,
761 413 764 422 .

1702 463 1725 538 7

325 621 466 690 flurium
499 643 576 703 cum
599 623 802 688 exercitibus
831 623 985 708 oppressi
1012 630 1102 688 sunt.
1136 621 1204 689 Cir.
1225 623 1323 688 Oros.
1339 627 1367 688 ⁵.
1385 631 1441 706 233
1462 626 1553 692 Flor.
1568 629 1629 693 l.l.
1644 631 1737 696 Plut.

230 723 237 732 ’
325 733 450 816 Sertor.
477 747 524 795 12.
552 731 640 793 Tum
662 729 849 814 Manilius,
869 731 1056 815 proconsul
1078 731 1219 816 Galliae,
1252 731 1290 794 in
1305 732 1508 816 Hispaniam
1527 756 1605 798 curn
1627 735 1738 802 tribus

322 837 530 922 legionibus,
552 843 585 904 ct
601 833 698 900 mille
712 836 912 921 quingentis
925 836 1099 918 equitibus
1116 845 1355 922 transgressus,
1377 837 1535 920 iniquam
1552 862 1630 904 cum
1653 841 1735 905 Hir·

324 943 432 1023 tulejo
444 943 480 1025 ἣ)
500 962 650 1028 pugnam
671 942 860 1026 conseruit,
881 963 901 1004 a
927 963 997 1024 quo
1016 943 1125 1026 copiis
1147 948 1329 1025 castrisque
1346 947 1495 1008 nudatus
1509 947 1548 1008 in
1565 948 1734 1034 oppidum

322 1051 470 1116 ilerdam
490 1067 588 1134 paene
605 1049 698 1112 solus
717 1049 856 1140 refugit.
877 1047 945 1114 cfr.
965 1048 1064 1112 Oros.
1087 1051 1116 1113 5.
1133 1055 1183 1118 23.
1202 1048 1276 1112 Liv.
1295 1049 1386 1134 Epit.
1405 1053 1473 1115 XC.
1492 1051 1549 1136 ⁶⁶)

322 1403 395 1462 tum
418 1405 477 1462 est.
497 1399 564 1460 Sed
588 1417 666 1459 cum
683 1393 1092 1481 Appiani'testimonium
1109 1395 1134 1458 l.
1160 1395 1184 1457 l.
1205 1416 1232 1458 c.
1256 1413 1307 1472 97.
1333 1393 1372 1456 in
1400 1401 1730 1480 utramquepartem

317 1503 453 1567 trahere
480 1501 596 1588 liceat,
617 1502 740 1588 Pighio
765 1511 799 1566 et
825 1502 969 1588 Sigonio
991 1505 1173 1584 assentior,
1195 1501 1258 1582 qui
1277 1498 1425 1564 Servilio
1451 1501 1549 1564 Vatia
1571 1510 1604 1562 et
1619 1502 1733 1586 Appio

252 1603 256 1609 ’
322 1609 466 1672 Claudio
482 1612 571 1672 Coss.
592 1611 773 1672 Metellum
790 1611 877 1674 urbe
897 1609 1089 1695 profectum
1108 1627 1179 1673 esse
1195 1607 1366 1685 judicant.
1386 1605 1498 1691 Igitur
1511 1605 1579 1667 hoc
1594 1607 1733 1669 demum

318 1736 412 1778 annu
428 1715 602 1809 Domitius
623 1723 656 1784 et
672 1716 822 1781 Thorius
839 1716 911 1796 ejus
927 1717 1034 1802 legati
1052 1715 1136 1780 victi
1151 1723 1240 1781 sunt.
1262 1715 1335 1798 Qua
1357 1715 1400 1775 de
1420 1731 1458 1775 re
1486 1730 1562 1792 quae
1580 1711 1734 1776 Debros·

321 1822 406 1898 sius,
431 1830 470 1884 ut
488 1823 634 1906 adsolet,
656 1824 847 1886 accuratius
862 1823 1035 1907 exposuit,
1056 1822 1117 1884 cfr.
1137 1821 1227 1883 Hist.
1245 1818 1345 1902 Reip.
1362 1821 1463 1881 Rom.
1480 1815 1558 1884 Vol.
1574 1819 1600 1880 1.
1616 1841 1647 1900 p.
1660 1819 1731 1882 510.

320 1949 509 2010 eqourum
530 1929 615 2000 fides
645 1932 735 2012 apud
760 1937 936 1991 auctorem
964 1932 1015 1991 sit.
1056 1931 1133 1990 Hoc
1157 1947 1267 1988 unum
1294 1945 1335 1988 ex
1364 1924 1468 1990 Floro
1503 1907 1732 2010 intelligitur,

323 2036 427 2102 duces
452 2035 550 2116 illos,
579 2043 763 2114 antequam
795 2034 957 2096 Metellus
991 2035 1062 2116 ipsc
1092 2053 1165 2095 cum
1189 2033 1338 2098 Sertorio
1361 2050 1560 2116 congressus
1584 2030 1650 2117 sit,
1685 2030 1730 2092 ab
1771 2075 1774 2079 -

252 2211 256 2216 a
314 2139 387 2215 ejus
412 2139 524 2220 legato
553 2139 727 2215 Hirtulejo
757 2158 859 2202 caesos
884 2137 999 2199 fuisse.
1025 2139 1092 2198 Sed
1121 2133 1280 2196 Thorius
1302 2141 1395 2212 apud
1414 2139 1633 2192 Plutarchum
1651 2134 1733 2195 Vita

272 2240 275 2246 “
314 2256 398 2320 ὅρη,
424 2275 522 2316 0,12,
544 2229 701 2326 Θωςσὲνιος
736 2260 876 2320 dicitur,
905 2257 1008 2326 paulo
1036 2253 1128 2306 lutra
1157 2253 1250 2325 apud
1277 2251 1426 2308 eundem
1449 2217 1600 2329 Δομέτιον
1620 2223 1654 2305 di
1671 2231 1733 2306 uui

309 2345 441 2435 Λούσιον
460 2354 708 2438 scriptumest,
729 2352 821 2430 quod
839 2369 982 2440 nomen,
999 2370 1077 2410 cum
1090 2350 1178 2408 haud
1196 2348 1306 2406 dubie
1315 2359 1515 2429 corruptum
1527 2355 1583 2436 sit,
1601 2358 1733 2420 Havet-

318 2478 471 2563 campius
503 2477 548 2536 ad
576 2471 726 2535 Orosi.
751 2474 801 2532 23.
828 2476 920 2532 recte
943 2472 1142 2534 emendasse
1160 2471 1312 2551 ridetur3
1334 2494 1415 2536 nam
1435 2446 1561 2535 uolua
1580 2454 1732 2566 Δομέτιον
1799 2558 1801 2564 y

226 2657 235 2675 ‚
313 2586 534 2652 scribendum
552 2578 697 2660 judicat.
715 2575 788 2638 Etsi
810 2574 925 2639 Livius
948 2574 1032 2659 Epit.
1054 2575 1121 2640 XC.
1141 2574 1214 2653 ejus
1233 2597 1430 2660 praenomen
1451 2583 1608 2647 Marcum
1628 2586 1733 2656 fuisse
1830 2591 1831 2596 ’

242 2717 247 2722 ·
311 2699 513 2758 auctorest.
1187 2763 1190 2767 .

393 2797 430 2881 θ)
451 2802 503 2859 Ita
533 2797 601 2860 hoc
631 2810 760 2856 nomen
786 2789 1008 2855 scribendum
1040 2795 1099 2854 est.
1134 2789 1202 2854 Cfr.
1228 2788 1457 2878 fragmentum
1481 2795 1573 2861 Livii
1599 2799 1730 2865 Histor.

278 2884 281 2888 A
312 2903 389 2967 Lib.
407 2903 492 2964 XCI.
515 2919 536 2961 a
553 2898 700 2962 Brunsio
722 2918 763 2961 ex
787 2895 964 2961 Vaticanis
985 2896 1088 2958 Codd.
1110 2895 1250 2961 editum.
1266 2899 1329 2982 Ap.
1351 2899 1428 2962 Liv.
1443 2901 1532 2983 Epit.
1551 2904 1617 2966 XC.
1637 2906 1729 2970 male

315 3003 542 3097 Herculejus
559 3025 751 3090 expressum
777 3011 836 3066 est.
857 3002 1047 3082 Hirtulejus
1064 3010 1113 3067 cst
1136 3003 1174 3064 iu
1194 3004 1348 3087 plurimis
1369 3005 1502 3083 Orosii,
1522 3009 1679 3094 Eutropii
1695 3015 1729 3075 ci
1828 2986 1859 3044 ‘²

315 3114 409 3179 Flori
428 3113 530 3178 libris
553 3121 587 3178 ct
608 3115 698 3196 apud
714 3111 914 3174 Ciceronem
932 3131 994 3194 pro
1011 3109 1154 3190 Fontejo
1174 3133 1202 3174 r.

396 3219 454 3304 aa)
477 3223 633 3283 Ceterum
653 3218 842 3281 Sertorium
860 3225 935 3299 post
952 3217 1057 3280 victos
1081 3214 1215 3280 Metelli
1225 3215 1357 3300 legatos
1372 3236 1532 3302 magnam
1549 3217 1728 3303 Hispania

317 3332 451 3410 partem
467 3323 675 3406 percurrisse
682 3363 692 3404 ,
699 3321 771 3398 jam
789 3322 872 3384 inde
891 3313 941 3384 est
955 3323 1154 3408 probabile,
1176 3326 1270 3404 quod
1289 3324 1525 3408 hocproelium
1542 3326 1634 3386 haud
1647 3344 1727 3408 pro·

319 3430 375 3494 cul
392 3431 500 3491 llcrda
517 3428 603 3490 urbe
616 3425 832 3489 'commissum
855 3436 914 3492 est.
935 3430 1000 3492 Sed
1015 3451 1079 3514 pro
1101 3432 1247 3497 Manilio
1265 3431 1352 3496 falso
1374 3436 1467 3517 apud
1484 3433 1622 3498 Livium
1636 3432 1727 3516 Epii.

311 3538 378 3602 XC.
390 3531 559 3602 Manlius
572 3537 738 3620 scriptum.
760 3539 915 3600 Ceterum
932 3538 958 3596 F
958 3535 1153 3604 reinsbeim.
1167 3539 1336 3624 supplem.
1346 3540 1439 3604 Livii
1455 3543 1504 3604 55.
1522 3563 1550 3603 c.
1562 3562 1612 3621 29.
1626 3543 1724 3604 etiam

315 3639 456 3704 Manilii
465 3641 618 3726 legatum
638 3643 675 3705 L.
690 3640 869 3709 Valerium
885 3643 1125 3708 Praeconinum
1145 3645 1366 3709 interfectum
1382 3645 1477 3708 dicit.
1495 3643 1556 3706 cir.
1570 3645 1729 3712 Debrostr.

317 3747 412 3811 laist.
429 3747 534 3830 Retp:
546 3749 649 3832 «Rom.
666 3771 700 3832 p.
721 3751 790 3813 511.
810 3769 860 3830 sq.
883 3753 942 3830 qui
959 3751 1095 3834 quidem
1111 3755 1155 3815 ad
1171 3753 1239 3814 hoc
1254 3750 1416 3836 proelium
1436 3751 1552 3812 locum
1571 3752 1725 3814 Frontini
1799 3837 1800 3840 Ἴ

317 3861 509 3939 stratagem.
536 3877 561 3916 ο.
583 3854 668 3914 hil.
686 3851 906 3916 referendum
933 3871 1003 3915 esse
1018 3856 1162 3931 judicat.
1191 3861 1360 3916 Praeterea
1379 3852 1492 3914 eodem
1521 3872 1613 3915 anno
1629 3863 1725 3938 gesta

313 3979 386 4024 esse
418 3961 595 4046 videnlur,
624 3979 699 4040 quae
718 3959 922 4020 Plutarchus
942 3958 1069 4022 Sertor.
1090 3978 1118 4020 c.
1151 3961 1200 4020 13.
1235 3965 1390 4040 enarrat,
1417 3955 1479 4018 ubi
1495 3959 1723 4026 Metelluma
1807 3983 1810 3988 ·

314 4065 465 4130 Sertorio
486 4069 531 4128 ad
548 4073 718 4129 certamen
736 4065 910 4150 singulare
926 4059 1148 4146 provocatum
1160 4071 1193 4126 ct
1204 4063 1333 4125 callidis
1351 4045 1423 4141 ejus
1442 4063 1597 4148 consiliis
1610 4043 1723 4150 impe-

314 4169 424 4234 ditum
453 4191 524 4238 esse
549 4171 649 4249 dicit,
674 4170 860 4252 quominus
879 4169 1105 4255 Laccobrigas
1128 4169 1198 4252 (ap.
1222 4170 1444 4248 Plutarchum
1462 4163 1721 4264 Λαγγοβρίγας)

316 4285 522 4353 celticorum
536 4285 575 4354 in
588 4287 763 4354 Lusitania
778 4286 902 4356 urbem
918 4293 1060 4372 caperet.
1081 4284 1158 4368 Quo
1172 4281 1262 4348 facto
1272 4283 1407 4351 Metelli
1418 4283 1552 4368 legatus
1566 4281 1725 4364 Aquinus
