4334 5354
349 451 363 468 ’Χ
395 468 469 568 876
528 471 532 482 ’

393 677 511 740 rator.
539 645 646 742 parum
672 659 907 736 valliocrina
933 701 951 716 .
985 659 1142 742 ingentem·
1156 658 1254 738 virum
1280 676 1340 718 esse
1363 697 1381 716 .
1413 661 1582 742 perlegam
1604 659 1768 724 mamiliam
1787 689 1807 722 ι

394 771 447 833 66.
466 769 548 850 pacis
570 783 621 846 spe
640 767 779 826 amiserat
789 799 810 824 ι..
830 767 953 829 alicnati
973 761 1159 830 voluntate.
1177 765 1336 826 inermes.
1348 764 1387 825 ‘et
1407 767 1567 826 consilium
1590 763 1807 849 67.trepidare;

393 896 531 938 arcem.
551 875 655 933 clausae
675 871 925 953 prohibebant...
956 873 1005 932 68.
1023 873 1151 932 &animis
1158 875 1261 932 cerum
1282 871 1410 956 benigne
1430 871 1594 932 adrectis.
1619 873 1768 958 equites
1753 886 1817 968 eq..

395 1003 463 1046 rum
484 983 517 1040 in
537 983 637 1060 primo
658 982 789 1043 latere..
801 978 867 1057 69.
887 979 946 1040 ubi
962 980 1097 1039 animum
1118 978 1304 1046 advertere.
1323 998 1480 1041 vorsum.
1500 1000 1535 1039 ex
1555 982 1688 1040 conlatio
1708 989 1808 1040 erat

396 1107 447 1168 70.
468 1090 608 1169 fatigare,
628 1086 789 1166 denique·-
809 1105 941 1146 seorsum
963 1084 1000 1143 ab
1021 1105 1127 1166 rege..
1108 1105 1181 1144 ..ex
1202 1085 1355 1166 utriusque
1376 1086 1550 1146 consiliis..
1569 1083 1703 1146 hostibus
1724 1087 1810 1144 inul.

397 1194 473 1253 tis.
492 1195 590 1252 literas
611 1191 649 1252 ad
671 1211 778 1252 eum.
805 1192 1009 1250 molliciem.
1038 1213 1087 1272 71.
1108 1193 1237 1250 literae.
1255 1193 1355 1272 pergit
1374 1190 1412 1248 ad
1432 1211 1570 1272 regem.
1551 1195 1680 1272 „paulo
1702 1201 1811 1273 post.

397 1299 567 1379 repperit,
588 1297 637 1376 78.
658 1296 807 1358 offensum
829 1297 887 1356 sibi
907 1341 926 1354 .
951 1297 1046 1356 missae
1070 1289 1152 1356 era-nt
1173 1305 1380 1378 cognoscentes
1400 1339 1418 1352 .
1437 1304 1531 1390 majus
1550 1296 1647 1356 studia
1666 1340 1684 1352 .
1705 1296 1814 1376 capitis

398 1423 554 1466 arcessere.
569 1447 587 1462 .
617 1406 875 1485 frequentarentur
894 1406 1024 1464 marium
1045 1447 1064 1462 .
1097 1404 1193 1482 jussit.
1214 1413 1332 1463 senatus
1353 1404 1445 1483 paulo
1473 1392 1648 1464 declareret.
1671 1423 1705 1461 ea
1725 1421 1771 1460 res
1794 1445 1813 1458 .

399 1509 451 1588 74.
473 1511 585 1570 amissis
606 1511 693 1572 sociis
719 1553 737 1568 .
765 1512 829 1569 sine
850 1510 1044 1571 amministris
1063 1511 1127 1592 geri
1147 1521 1262 1591 posset,
1284 1529 1431 1570 novorum
1459 1551 1478 1566 ..
1507 1525 1602 1569 vanus
1622 1509 1814 1586 incertusque
1902 1583 1911 1598 .

372 1637 373 1641 ¹
398 1615 580 1695 agitabat..
609 1614 766 1674 hominum
789 1617 926 1674 omnium
948 1659 966 1672 .
991 1637 1073 1696 spem
1096 1615 1129 1674 iu
1148 1616 1238 1674 armis
1259 1661 1275 1676 .
1300 1615 1402 1676 virtuti
1424 1593 1616 1694 popularium
1642 1632 1681 1669 an
1702 1611 1815 1680 fidei.

397 1719 594 1798 instructique
615 1741 669 1798 pro
692 1727 824 1794 tempore
843 1747 863 1762 -
889 1731 920 1776 et
939 1722 1095 1796 aliquanto
1118 1739 1247 1778 numero
1264 1762 1284 1774 .
1303 1718 1436 1780 numidis
1455 1720 1488 1777 in
1509 1762 1527 1774 .
1548 1729 1612 1777 tuta
1631 1728 1703 1777 sunt
1721 1760 1741 1773 .
1761 1720 1812 1782 25.

399 1832 429 1882 et
450 1843 541 1900 quam
566 1833 648 1883 rasta
668 1841 729 1876 esse
749 1859 768 1874 .
796 1838 831 1876 ac
858 1829 1001 1891 naturam!
1017 1823 1108 1876 etiam
1129 1861 1150 1885 ,.
1174 1823 1307 1896 peccoris
1328 1843 1422 1901 eoque
1442 1865 1462 1881 ..
1488 1824 1616 1896 fuerint,
1643 1823 1814 1901 praedicit.

398 1946 506 2006 aquam
528 1923 641 2003 oppido
653 1941 712 1980 esse
726 1963 745 1977 .
766 1921 848 2000 qnod
868 1919 1033 1978 numidis·
1052 1921 1123 1980 satis
1145 1923 1221 1980 foret
1241 1943 1385 2004 superque
1399 1956 1415 1968 -
1434 1928 1572 2006 religiosa
1591 1927 1721 2008 pluria·
1739 1946 1811 1988 uam
1886 1901 1889 1906 Ι

398 2031 457 2091 rati
476 2029 534 2090 diis
548 2057 564 2068 -
585 2027 634 2107 76.
655 2045 717 2084 una
736 2024 784 2084 die
804 2057 823 2071 -
842 2025 1050 2110 prodicionem
1063 2056 1080 2069 ·
1102 2045 1156 2106 per
1177 2027 1278 2116 ocium
1298 2028 1613 2106 ·‚penas'metuereut
1628 2061 1646 2078 -
1669 2053 1717 2114 77.
1739 2033 1812 2093 neb.

398 2135 513 2196 hom·
533 2116 605 2194 billi
622 2128 797 2212 jugurthae·
821 2132 870 2210 78.
891 2129 1006 2190 sidonis
1026 2130 1201 2191 cendictum
1222 2167 1239 2178 -
1258 2136 1318 2192 alta
1337 2135 1394 2192 alia
1414 2135 1448 2192 in
1469 2145 1561 2216 temp.
1582 2137 1813 2207 -numidarum
1892 2207 1895 2217 y

349 2295 351 2300 .
373 2233 374 2240 ἵ
397 2245 510 2323 legum
521 2243 677 2319 cultusque
699 2249 728 2298 et
748 2240 915 2318 pleraque·
936 2259 986 2318 79.
1006 2237 1264 2318 Kartagiuensium
1284 2241 1404 2300 -locus
1425 2259 1480 2300 nos
1499 2245 1708 2306 ammonuit·
1726 2239 1815 2302 hare-

401 2323 489 2408 nosos
500 2367 562 2408 una
572 2346 693 2425 specie·
703 2343 889 2416 bairenosusu¹
900 2354 930 2404 et
943 2344 1028 2404 alteri
1038 2347 1145 2404 alteros
1156 2351 1329 2410 attriverant
1339 2346 1439 2405 -alius
1448 2345 1655 2427 adgrederetur
1665 2347 1814 2408 defessos-

398 2452 567 2532 Kurtagine
583 2482 601 2497 -
617 2449 748 2529 philenis
770 2459 888 2508 erant·
904 2450 947 2510 ita
966 2449 1112 2510 accideret
1125 2483 1140 2496 ·
1161 2448 1301 2510 cohortes
1322 2447 1463 2520 harenam
1479 2481 1507 2536 τ’
1517 2452 1657 2512 excitabit
1668 2487 1684 2497 -
1704 2452 1814 2512 condi-

400 2559 518 2616 cionem
529 2588 546 2601 ·
566 2556 616 2618 8ο.
637 2576 708 2636 gens
719 2553 879 2614 beluinum
891 2585 910 2614 a·
924 2557 1102 2616 consuefecit
1111 2589 1125 2601 ·
1139 2556 1253 2637 magnis
1263 2557 1407 2637 ingressus
1419 2557 1592 2617 muneribus
1600 2589 1618 2606 -
1628 2558 1666 2618 ad
1679 2559 1813 2618 studium

400 2679 488 2720 suum
500 2693 516 2704 -
527 2683 625 2742 regem
636 2663 768 2742 impellit
778 2693 793 2707 -
807 2663 929 2740 incepto
950 2661 1022 2720 belli
1040 2693 1058 2740 '.'
1074 2659 1176 2719 ‘bocho
1197 2671 1336 2740 nupserat
1351 2693 1367 2704 -
1389 2661 1471 2740 quod
1491 2664 1603 2744 singuli
1616 2695 1632 2708 -
1652 2659 1782 2724 habiant
1795 2697 1814 2712 -

402 2762 575 2825 distrahitur
596 2765 742 2824 animus·
763 2767 867 2824 omnia
886 2767 1073 2822 vilescunt·
1095 2764 1224 2824 libidine
1243 2767 1473 2845 imperitandi·
1494 2769 1616 2832 advorsa
1635 2771 1734 2831 sint·
1759 2769 1815 2830 ubi

403 2870 560 2950 quiaque-
580 2865 780 2949 quodibique
796 2855 900 2921 mci·-
881 2858 1217 2939 -uemoxagitand0·
1232 2865 1282 2918 ea.
1303 2869 1459 2920 acia-tha
1475 2891 1572 2945 regem
1589 2876 1749 2947 operitur·
1759 2877 1833 2954 per‘

401 2977 528 3040 tttaras-
543 2993 639 3036 marae
648 2989 863 3052 provinciam
882 2977 935 3026 aut
950 2964 1141 3036 honestum·
1125 2965 1189 3023 -in
1204 2967 1272 3026 alrls
1281 2964 1367 3024 bears
1382 2967 1471 3058 artib.
1483 2970 1667 3031 vertebant·
1681 2978 1816 3040 laturum

402 3081 457 3138 si·
475 3081 617 3138 acerrime
630 3077 792 3138 desinere·
806 3076 896 3134 etiam
911 3071 1003 3132 cuivis
1024 3073 1162 3152 iguavc-
1180 3091 1254 3152 saepe
1275 3091 1380 3152 pacem
1401 3094 1539 3154 cupere·
1554 3075 1683 3156 probare
1703 3085 1815 3160 partim

403 3184 533 3242 abnuere
545 3213 563 3228 -
584 3181 633 3252 84.
656 3181 774 3246 numid.
794 3177 980 3260 provinciam
1001 3167 1146 3260 -ssnegare
1167 3176 1296 3264 audebat
1314 3209 1333 3225 -
1353 3178 1436 3259 plebi
1456 3212 1474 3227 -
1495 3180 1620 3241 scribere
1640 3188 1731 3256 velut.

484 3288 554 3369 Jug.
586 3309 612 3348 c.
626 3289 690 3357 et.
731 3286 873 3346 isdem.-
899 3283 1091 3362 suppliciis
1117 3285 1222 3386 pluris
1239 3293 1330 3355 est·-
1308 3291 1504 3362 -majorum
1534 3276 1641 3370 fortia,
1670 3303 1816 3374 cognato.

404 3412 511 3456 rum·-
538 3393 673 3478 praesidio
699 3404 844 3453 assunt·
880 3411 914 3450 ex
943 3389 1050 3452 virtute
1080 3399 1110 3447 et
1135 3389 1259 3452 inoc.-
1295 3388 1555 3450 meabenifacta-
1589 3405 1633 3453 et
1643 3397 1704 3457 illis
1730 3400 1815 3460 frus-

318 3507 321 3518 “
405 3505 450 3574 trsi
480 3498 575 3562 sint2-
607 3495 766 3578 apuricia
787 3455 868 3557 sui
901 3518 937 3556 ac
958 3505 1100 3555 consueta
1120 3496 1265 3575 pericula
1273 3492 1435 3555 babeam-
1472 3507 1560 3558 antea
1576 3521 1666 3563 ιιι·
1695 3514 1812 3566 atatam

404 3605 535 3683 optumis
555 3603 666 3665 artibus
685 3605 770 3684 egi-
789 3612 923 3682 reputate
943 3601 1087 3660 animis·
1071 3611 1206 3662 -sumet
1223 3602 1393 3684 aliquem·
1406 3616 1602 3683 coeperuut-
1621 3627 1734 3670 norum
1752 3608 1815 3672 ho·
1887 3587 1892 3590 .

405 3709 547 3769 minem·
567 3711 637 3768 talia
659 3719 806 3790 egomet·
827 3708 873 3812 illi
894 3707 1021 3766 literis·
1005 3727 1125 3766 -uunc
1145 3709 1333 3768 existimate·
1353 3707 1542 3785 obiciuntur,
1563 3712 1712 3773 faciunt·
1693 3717 1815 3807 -perinJ

407 3814 483 3875 culis
505 3813 614 3876 meis·
598 3814 691 3874 -vita
712 3835 853 3881 eor-um
873 3813 997 3894 pesteris
1019 3815 1123 3874 lumen
1142 3825 1224 3874 est·
1255 3833 1321 3874 mee
1340 3824 1389 3874 me
1408 3816 1486 3876 facta
1506 3817 1602 3878 dicere
1623 3820 1728 3880 licet·-
1712 3822 1814 3882 -ini-

407 3916 461 4020 qui
482 3923 586 3973 sunt-
605 3913 746 3980 habunde
767 3921 827 3980 illis
848 3919 1058 3978 facundiam·
1084 3941 1118 3979 ex
1138 3921 1233 3978 enimi
1253 3921 1438 3980 senteutia-
1457 3925 1529 3984 falsa
1548 3925 1646 3988 vite-
1664 3925 1717 3988 sed
1736 3945 1815 4009 que-

360 4105 361 4108 *
408 4021 491 4080 uiam
512 4037 562 4079 vra
584 4021 709 4124 consilia
728 4037 912 4088 accusantum
935 4023 1020 4104 (his
1011 4023 1151 4085 1nrerbis
1169 4023 1243 4114 liber
1261 4024 1393 4104 desinit.)

763 4223 822 4284 De
842 4224 955 4288 Codd.
974 4193 1137 4290 Salustii
1146 4175 1457 4315 Sangallensibus.
1549 4199 1552 4204 Ι

493 4341 593 4408 Cedd.
607 4340 730 4433 Salustii
744 4341 973 4423 sangallenses
963 4369 997 4408 m
1010 4351 1178 4416 universum
1196 4356 1316 4435 parum
1322 4363 1457 4433 accurate
1470 4351 1590 4436 scripti,
1610 4359 1749 4436 preterea
1763 4313 1815 4417 la

981 4467 996 4494 Ι
