4334 5354
369 472 464 554 ΞΜ

390 665 550 738 .00‘d
569 665 661 800 6093·
680 657 754 724 Sel.
774 655 860 726 Cat.
883 655 977 748 Jug.
999 663 1035 720 et
1053 651 1174 795 Epist.
1195 655 1247 780 ed
1266 653 1354 722 Coes.
1373 589 1490 748 Perg.
1504 659 1593 726 See.
1615 659 1703 731 XV..

455 855 575 932 Gatp.
595 867 650 934 per
665 795 776 910 laboris
789 867 876 908 usum
891 861 943 922 no.
965 791 1220 910 dominationis-
1201 822 1411 932 -magisque
1404 849 1561 934 animus.-
1573 851 1787 918 vendicemus·

322 1001 327 1019 .
371 961 504 1044 pericula
528 961 697 1037 repulsas·
723 955 876 1016 fortissimi
899 975 1045 1016 nonne·
1029 953 1224 1016 -fueritis-
1248 953 1334 1020 vohis
1354 963 1435 1017 est·
1416 976 1500 1017 ·res
1521 958 1622 1036 ipsa·
1644 959 1708 1042 ing.
1732 969 1787 1024 est.
1804 1001 1805 1004 =

368 1063 559 1146 profundunt
578 1061 798 1152 interimendo
815 1063 891 1122 mari
911 1093 929 1110 ··
946 1061 1066 1124 divitias
1085 1075 1152 1122 suas
1173 1093 1192 1108 ·
1215 1077 1254 1122 en
1272 1060 1325 1121 illa
1347 1077 1465 1144 mm·-
1482 1081 1589 1144 eorpus
1601 1063 1699 1144 huobis.
1739 1131 1759 1152 ·.
1785 1099 1793 1154 ‘.
1812 1057 1817 1064 ¹

450 1169 521 1252 Jug.
543 1167 611 1230 113.
633 1171 718 1232 vultu
745 1169 878 1253 corporis
895 1170 1007 1254 pariter
1025 1178 1115 1250 etque
1136 1168 1238 1228 animo
1255 1168 1353 1232 varin
1365 1197 1384 1215 -
1397 1154 1461 1248 quae
1481 1169 1652 1230 sciticeeita
1669 1179 1786 1234 tacente

332 1299 340 1314 ¹
372 1265 439 1358 ipso
463 1276 613 1350 occultare
644 1275 704 1356 oris
735 1274 949 1350 immutatione
974 1275 1145 1356 patefecisse
1170 1306 1189 1358 .'
1214 1273 1350 1335 accersiri
1368 1271 1453 1350 lubet
1472 1273 1491 1320 ’-
1512 1283 1541 1334 et
1562 1275 1589 1334 ei
1611 1276 1785 1334 nuntiatum

369 1387 563 1466 jugurtam·
594 1391 661 1440 ιιι.
683 1381 715 1440 in
740 1389 886 1462 potestate
910 1378 980 1442 hah.
1006 1389 1071 1441 ιιι.
1105 1395 1231 1463 negare,
1259 1377 1371 1462 agitare
1396 1359 1546 1438 -lenitur
1574 1392 1603 1439 et
1628 1399 1662 1440 ex
1683 1385 1745 1442 vol.
1766 1410 1801 1456 ·-

371 1479 468 1548 multa
489 1486 675 1571 disseruit·
685 1487 718 1546 iu
744 1489 838 1568 gratia
852 1485 1053 1548 habituros·
1072 1489 1210 1548 amicitiae
1230 1483 1377 1548 foedus·
1359 1505 1473 1552 -.ιιο
1502 1487 1614 1546 nullius
1630 1477 1748 1573 indigui
1767 1501 1792 1534 -·

371 1593 461 1654 fuerit
483 1591 560 1653 mini
582 1594 757 1675 pretium·
786 1583 832 1655 uti
852 1594 941 1656 vultis
964 1611 1031 1671 109.
1051 1593 1143 1692 igitur
1165 1595 1243 1653 sulla
1265 1607 1382 1697 resp.-
1364 1590 1510 1651 -nihil
1501 1613 1562 1671 Jam
1582 1609 1705 1654 nnnc·-
1731 1611 1786 1654 oc·

369 1697 452 1759 culte
464 1700 654 1758 accersitur
663 1706 780 1758 tantum
795 1697 848 1760 tid.
863 1699 1062 1776 interpretis·
1074 1705 1155 1775 Jurat
1167 1719 1203 1756 ea
1215 1709 1295 1758 sent
1297 1699 1395 1758 ntia·
1417 1696 1484 1786 roll.
1495 1695 1552 1757 srbr
1561 1711 1661 1758 cavere
1674 1699 1784 1780 nequi

371 1807 476 1864 cisse·
499 1799 568 1863 105.
588 1811 617 1862 et
639 1802 856 1862 haleatorum-
878 1801 944 1872 rol.
963 1795 1125 1882 deplorati
1128 1809 1230 1861 sunt·
1250 1821 1318 1862 roa.
1335 1779 1467 1862 amicitia
1487 1813 1625 1882 nostra·
1638 1781 1785 1864 dimitte-

248 1938 255 1950 ·
332 1923 496 1991 tregnum
515 1904 555 1966 oh
574 1904 773 1966 tutandum-
754 1909 936 1988 -expulerit
960 1927 1027 1967 ιοι.
1041 1905 1122 1989 apud
1143 1907 1257 1994 primos
1272 1906 1434 1992 agitabat-
1415 1924 1522 1968 ··.100
1538 1911 1565 1968 it
1583 1907 1640 1987 (nti
1656 1907 1791 1989 ceperat)

290 2037 307 2044 ⁴·
369 2016 404 2074 in
420 2007 485 2072 tib.
503 2021 627 2094 propter
644 2011 723 2100 ss98.
742 2024 795 2074 aut
806 2032 863 2095 pro
875 2012 1037 2076 victoribus
1050 2047 1065 2060 -
1090 2016 1139 2098 95.
1155 2013 1266 2094 pudeat
1284 2013 1379 2095 magis
1393 2033 1431 2072 an
1442 2015 1543 2095 pigeat
1554 2011 1691 2073 disserere
1701 2043 1721 2062 -
1736 2014 1786 2117 94.

371 2110 587 2180 dubianisui-
609 2129 782 2206 prospectus
806 2121 980 2202 visusque·
960 2115 1048 2200 ··93.
1069 2121 1256 2201 periculique
1278 2117 1358 2180 nihil
1378 2139 1439 2181 csse
1460 2119 1590 2183 docet·
1612 2118 1716 2180 eodem
1736 2139 1786 2180 re-

370 2223 537 2306 greditur-
564 2225 672 2286 deinde
697 2225 804 2287 flexa·
785 2225 953 2309 ·cupidus
981 2224 1118 2288 difficilia
1137 2225 1272 2288 faciundi
1295 2227 1389 2288 anim.
1418 2228 1546 2293 vertit-
1574 2247 1625 2308 92.
1643 2213 1815 2307 utrinque

370 2332 501 2413 praeisse
514 2332 609 2396 uinea
625 2331 712 2406 (liter
728 2331 812 2396 haud
827 2331 1083 2408 contemnendae.)

305 2599 313 2613 '
371 2587 462 2660 Cod.
484 2592 575 2670 609².
596 2587 681 2656 Cat.
701 2539 800 2677 v‘ug.
820 2527 895 2656 tvo..
915 2575 1073 2664 micorea
1095 2583 1252 2656 Salustii
1271 2585 1399 2675 Crispi
1417 2592 1459 2656 de
1480 2591 1574 2658 bello
1587 2557 1786 2684 jegnrtloe

380 2687 488 2784 felic.
511 2691 672 2775 explicit.
695 2699 783 2773 1493.
806 2697 856 2758 28.
876 2689 998 2777 April.
1019 2694 1098 2760 boec
1118 2695 1157 2758 in
1164 2695 1258 2782 fine.
1280 2691 1371 2760 liber
1393 2695 1432 2760 in
1452 2697 1572 2762 Italia
1591 2692 1761 2780 scriptus.
1867 2787 1870 2792 Ι

451 2880 519 2944 Cat.
539 2895 588 2964 ao.
606 2888 742 2962 spectata
761 2899 803 2938 m.
823 2879 900 2940 foret
913 2904 930 2922 ·
946 2873 1101 2936 accidisset
1119 2903 1139 2922 ·
1166 2873 1381 2938 dominationis
1397 2911 1413 2925 -
1437 2891 1527 2961 atquc
1546 2886 1630 2942 nolle
1641 2914 1656 2929 ·
1680 2886 1786 2944 animo

369 3000 458 3071 atque
481 2991 576 3049 multa
598 2989 667 3069 agit.
687 2983 837 3064 magisque
865 2977 917 3064 (in
947 3001 1041 3064 marg.
1062 2979 1192 3060 animus)
1210 2982 1409 3066 nosmetipsos
1430 2985 1630 3049 vendicemus.
1651 2988 1786 3049 ·''relin-

370 3113 532 3178 quere-o
513 3096 651 3154 ctort—
664 3110 772 3152 nonne
793 3087 909 3150 mori·
911 3109 1020 3170 ·quam
1042 3087 1180 3150 miseram
1205 3089 1250 3167 (in
1262 3105 1355 3172 marg.
1347 3086 1459 3168 .hanc)
1477 3108 1532 3172 pro
1544 3090 1637 3152 deum
1653 3090 1787 3154 obtestor

367 3211 421 3265 tos
445 3207 535 3282 atque
551 3196 712 3298 herpinum
734 3219 766 3277 p
781 3194 862 3257 fid.-
845 3193 937 3276 -ing
956 3205 1042 3254 est.-
1026 3193 1280 3276 ·profnndunt-
1296 3207 1326 3257 et
1345 3195 1383 3258 ad
1401 3217 1512 3258 necess.
1534 3217 1636 3257 cum·
1653 3200 1700 3257 illi
1722 3199 1785 3260 tab.

300 3317 304 3324 '
357 3307 479 3388 'signa
472 3283 670 3366 toreumata
684 3319 761 3365 nora
779 3299 953 3361 dirimunt·
968 3301 1026 3359 ille
1051 3313 1141 3381 qnam
1159 3304 1398 3384 saepeoptastis-
1420 3303 1582 3364 fortuna
1553 3323 1603 3363 ora
1621 3289 1801 3368 victoribus

369 3411 481 3491 premia
499 3411 636 3492 posuit-'-
655 3409 725 3492 Jug.
751 3406 817 3472 113.
840 3425 940 3468 secum
961 3409 1039 3465 mul
1030 3427 1092 3466 urm
1106 3407 1228 3489 agitasse
1248 3411 1334 3470 vultu
1349 3410 1449 3468 colore
1468 3419 1553 3469 motu
1574 3412 1707 3490 eorporis
1728 3431 1784 3492 pa-

342 3552 349 3566 ·
368 3520 440 3580 riter
458 3527 547 3599 atque
556 3519 665 3577 animo
686 3516 800 3586 rarius,
826 3518 890 3594 q'uee
910 3511 1023 3573 seilicet
1048 3516 1165 3575 occulte
1181 3514 1228 3574 sui
1249 3515 1378 3595 pectoris
1401 3512 1523 3573 tecente
1535 3516 1599 3596 ipso
1612 3535 1667 3596 per
1683 3527 1783 3578 mute-
1883 3597 1887 3601 α

277 3667 280 3672 -
368 3623 483 3684 tionem
510 3623 569 3683 oris
596 3623 766 3702 patefecisse
795 3617 905 3680 dicitur
933 3630 1014 3676 un.-
1030 3617 1064 3680 in
1088 3627 1234 3700 potestate
1260 3617 1429 3699 habuisset,
1456 3628 1522 3678 tum
1555 3620 1695 3682 credebat
1710 3623 1782 3684 ›fore

366 3733 483 3788 senatus
499 3734 553 3789 aut
571 3729 680 3808 populi
698 3757 718 3777 -
745 3746 812 3791 ιιι.
828 3727 983 3789 leviter'ex
1001 3726 1183 3785 voluntate·
1195 3743 1302 3806 negare
1317 3755 1335 3772 ·
1356 3725 1393 3784 de
1417 3744 1490 3805 pace
1511 3724 1549 3786 de
1569 3728 1782 3790 communibus

367 3829 455 3893 rshus
473 3847 548 3895 ¹110.
574 3831 662 3906 fuerit
685 3852 726 3892 m.
749 3833 880 3912 pretium
901 3863 917 3876 -
938 3830 1118 3911 expulerit·
1138 3831 1188 3893 cui
1209 3830 1322 3892 scilieet
1343 3833 1528 3913 conplacuit.
1550 3865 1566 3879 —
1594 3852 1655 3916 qno
1678 3837 1781 3917 ingen.
1828 3862 1831 3865 ·

370 3946 423 3996 aut
438 3935 552 4002 advers.
569 3936 722 4020 flecterent
734 3969 752 3986 ·
764 3948 853 4019 atque
865 3939 921 3996 iter
933 3936 1041 3996 feceret
1051 3927 1107 3996 -in
1120 3933 1185 3998 hih.
1196 3936 1240 3997 ·iit
1253 3958 1317 4021 qnae
1331 3972 1347 3986 ·
1361 3938 1411 4015 95.
1423 3938 1517 4020 pudet
1527 3941 1622 4022 magis
1631 3939 1781 4024 anpiget.

371 4045 421 4122 93.
432 4037 525 4100 dubie
536 4039 617 4100 nisui
628 4073 646 4090 -
656 4043 746 4102 ramis
758 4039 849 4101 modo
858 4043 1003 4104 eminent.
1013 4044 1199 4125 periculique
1208 4041 1287 4105 nihil
1303 4065 1361 4106 esse
1374 4046 1462 4107 docet
1471 4080 1487 4092 -
1496 4066 1578 4115 anm.
1591 4049 1681 4110 vertit
1690 4079 1703 4094 ·
1715 4049 1784 4126 pla-

368 4145 479 4206 niciem
504 4145 660 4225 perscribit
681 4179 700 4194 -
723 4143 796 4226 (ros
821 4148 852 4207 in
878 4146 992 4230 marg.)
1012 4169 1062 4230 97.
1090 4169 1188 4231 neque
1214 4151 1278 4211 ullo
1300 4151 1406 4213 ordine
1430 4151 1504 4212 belli
1526 4153 1575 4232 (al.
1593 4170 1676 4213 more
1698 4169 1781 4233 prte-

314 4279 336 4299 κ
367 4249 440 4334 1ίί5”
455 4249 518 4314 hacc
536 4253 570 4312 in
585 4253 732 4334 margine)
750 4253 800 4332 98.
816 4253 964 4334 quianon
983 4255 1128 4336 fugerant.
1151 4255 1199 4326 it.
1209 4256 1370 4320 inimicum
1387 4249 1613 4340 (al.'iniquum)
1632 4255 1694 4318 haec
1712 4257 1779 4338 sup.

366 4356 423 4437 lin.
443 4355 510 4419 Cat.
531 4377 558 4438 7.
579 4357 663 4424 nica
676 4345 727 4438 'res
747 4349 867 4440 longius
890 4357 928 4418 ab
950 4360 1078 4440 'incepto
1091 4358 1237 4422 traheret.
