4230 5348
1673 486 1746 550 ιιι·

340 637 459 740 bl')
448 677 488 719 ιιι
509 673 591 718 cum
611 652 664 719 vis
689 648 891 739 [temporalis
912 655 1090 743 praevalet,
1112 659 1211 745 quia,
1232 662 1362 741 adjecta
1375 667 1560 753 particula,
1580 671 1744 789 temporis

338 771 553 828 momentum
569 759 757 824 accuratius
772 759 957 840 definitur3
965 765 1025 826 sed
1041 762 1113 847 ubi,
1132 774 1261 830 mutato
1277 770 1410 854 ordine,
1425 771 1571 836 interim
1589 773 1742 860 priorem

337 871 455 934 locum
485 867 636 948 obtinet,
665 887 747 928 eum
777 866 1014 948 explicationis
1045 889 1145 932 causa
1174 871 1322 935 additur.
1357 871 1416 935 cfr.
1438 872 1515 960 Jug.
1548 895 1595 937 ιι.
1630 899 1740 966 quum

337 971 535 1057 Hiempsal
549 965 705 1034 interim.
727 973 804 1033 Jam
823 975 918 1051 quod
940 972 1096 1056 fuerunt,
1117 976 1179 1055 qui
1197 977 1314 1040 nescio
1333 999 1437 1059 quam
1458 979 1530 1043 vim
1552 982 1746 1063 oppositio-

337 1079 393 1142 nis
416 1079 455 1140 in
478 1076 646 1162 particula
676 1073 823 1140 interim
844 1081 1091 1162 quaererent,
1081 1080 1109 1142 ri
1138 1081 1307 1158 ejusmodi
1330 1083 1454 1146 locis
1443 1105 1482 1146 ιιι
1512 1078 1675 1150 errorem
1685 1085 1740 1149 'in-

228 1259 230 1263 Ι
337 1183 431 1246 ducti
442 1183 613 1268 videntur,
624 1181 686 1246 ubi
701 1188 822 1246 tamen
840 1175 1183 1262 interim·conjuncta
1194 1197 1282 1270 sunt.
1305 1187 1364 1250 cfr.
1377 1189 1455 1273 Jug.
1473 1209 1500 1252 c.
1515 1193 1565 1269 39.
1588 1191 1637 1265 64.
1658 1210 1741 1252 nam

335 1287 510 1353 Ciceronis
525 1283 621 1352 locus
643 1288 705 1370 qui
723 1289 884 1350 laudatur
906 1309 969 1372 pro
987 1292 1088 1388 Rpsc.
1112 1292 1224 1355 Amer.
1248 1309 1297 1372 29.
1327 1289 1591 1361 interim-milei
1612 1291 1761 1369 videris·

335 1401 397 1458 etc.
411 1402 528 1476 aperte
540 1392 704 1477 temporis
723 1393 1010 1482 significationem
1024 1397 1138 1460 habet.
1149 1394 1346 1485 vectigalia
1356 1437 1398 1450 -
1411 1397 1740 1483 incerta-partim

335 1499 429 1563 enim
449 1519 471 1560 a
488 1498 609 1584 piratis
623 1499 830 1590 intercepta,
852 1502 978 1582 partim
996 1504 1090 1582 quod
1105 1497 1296 1585 'provincie
1315 1503 1410 1566 bello
1423 1495 1658 1587 vastabantur,
1676 1503 1738 1566 tri-

333 1605 416 1666 buta
446 1605 534 1668 solvi
563 1623 635 1666 non
656 1613 825 1686 poterant.
842 1614 987 1687 partem
1010 1615 1219 1690 sumptuum
1240 1605 1424 1672 sustinent
1445 1611 1469 1672 i.
1486 1619 1513 1673 e.
1532 1615 1737 1693 suggerunt,

236 1745 238 1754 =
332 1710 568 1792 suppeditant,
590 1712 752 1793 praebent.
770 1699 1042 1793 prosustinent3
1066 1711 1121 1774 ita
1137 1714 1359 1797 Havercamp.
1370 1713 1533 1791 conjecit:
1554 1709 1738 1775 sustinen-

333 1812 397 1898 tia.
419 1835 609 1897 perperam.
627 1823 720 1896 ‚quor
743 1824 966 1878 commeatus
988 1816 1163 1879 tuebatur
1187 1805 1489 1906 haneleetionem
1511 1817 1620 1880 nostri
1644 1815 1739 1882 Vati-

332 1917 408 1980 cani
427 1919 641 1981 confirmant.
663 1920 765 1982 etiam
778 1921 868 1984 Edit.
887 1923 941 1980 Pr.
964 1927 1044 2000 qu'oe
1066 1930 1289 1985 commeatus
1310 1920 1575 1984 convehebatur
1599 1920 1738 1982 Ciacoo-

330 2022 410 2084 nius
433 2032 465 2084 et
484 2013 630 2084 Ursinus
657 2045 698 2088 ex
722 2025 792 2086 suis
815 2024 916 2086 libris
935 2025 1089 2090 laudant.
1111 2034 1261 2089 ceterum
1291 2024 1396 2085 falsus
1422 2031 1478 2096 est·
1494 2023 1647 2103 Cortius,
1674 2022 1737 2100 qui

332 2125 506 2188 tuebatur
524 2145 588 2204 pro
608 2135 774 2186 tueretur
790 2126 844 2188 vel
865 2132 1017 2186 tueatur
1035 2127 1187 2205 positum
1201 2126 1328 2188 statuit.
1346 2128 1431 2186 Nam
1446 2113 1585 2205 Imperf.
1599 2123 1736 2185 iudica·

331 2229 395 2347 tivi
414 2227 590 2310 propriam
610 2228 805 2298 vimhabet
834 2234 867 2288 et
896 2246 1012 2290 seusus
1033 2219 1105 2289 loci
1132 2237 1181 2290 est
1208 2229 1253 2298 is:
1286 2229 1413 2306 classis,
1450 2247 1526 2309 quae
1546 2247 1638 2290 nunc
1664 2236 1732 2309 est,
1799 2229 1801 2234 ’

181 2319 198 2329 ’
288 2377 290 2384 ·
330 2333 447 2396 minor
469 2352 572 2413 quam
595 2353 672 2413 quae
698 2340 798 2394 antea
816 2340 1024 2402 commeatus
1046 2334 1213 2396 tuebatur
1236 2335 1351 2396 classe
1378 2328 1560 2418 navigare.
1552 2331 1735 2395 .usitatius
1775 2343 1786 2358 ‘

328 2446 395 2501 est·
417 2437 530 2500 classis
549 2436 696 2523 navigat
716 2437 782 2496 S'ed
798 2455 875 2495 cum
896 2433 1086 2520 navigare,
1109 2436 1207 2497 nullo
1227 2456 1306 2498 casu
1326 2437 1461 2517 additu,
1482 2437 1585 2504 rebus
1601 2436 1736 2500 mariti·

254 2597 260 2608 .
330 2541 396 2605 mis
419 2561 558 2624 operam
579 2543 676 2613 dare,
701 2537 871 2622 significet
900 2537 959 2600 cfr
982 2539 1049 2600 Cic
1073 2542 1168 2603 Verr.
1188 2543 1216 2602 5.
1239 2557 1288 2619 ιι.
1307 2540 1751 2632 «Ιιοιιιὶιιειιιιιιιιςιιιιιο.
1862 2551 1863 2556 ’

327 2648 498 2725 rebusque
521 2643 705 2706 maritimis
722 2643 978 2732 remotissimi,»
999 2645 1167 2706 ablativus
1182 2641 1323 2708 minore
1345 2647 1459 2707 elosae
1478 2649 1657 2707 commode
1673 2649 1734 2710 ad-

323 2751 470 2831 jicitur,
488 2758 526 2810 ut
553 2748 603 2828 rei
629 2749 760 2811 navalis
789 2747 948 2819 condicio
978 2749 1169 2815 accuratius
1196 2749 1417 2810 describatur.
1448 2748 1508 2812 cfr.
1529 2750 1625 2834 Virg.
1647 2751 1732 2835 Aen.

333 2879 358 2918 ι.
372 2856 449 2934 751:
472 2853 689 2940 ingeminant
709 2853 832 2938 plausu
853 2855 1005 2936 Tyrii-
1019 2850 1115 2918 robis
1130 2874 1240 2935 reque
1248 2849 1400 2934 publica
1416 2853 1464 2913 ita
1479 2853 1564 2913 libri
1579 2853 1684 2914 Fabri
1698 2863 1732 2917 et

327 2959 412 3022 Bric.
438 2960 505 3021 Sed
529 2960 634 3020 ceteri
659 2958 745 3019 libri
773 2977 845 3019 non
867 2959 1040 3021 addicunt
1074 2953 1179 3021 nobie
1202 2955 1369 3039 uobisque
1398 2979 1497 3039 rep
1527 2959 1588 3020 Ed.
1616 2957 1731 3020 Princ

327 3060 457 3151 Agite,
479 3060 538 3123 uti
552 3069 675 3124 monet
691 3057 767 3143 ira,
787 3063 904 3143 suppl.
925 3063 1014 3123 hanc
1025 3063 1210 3126 lectionem
1223 3063 1429 3128 nostriVatt.
1436 3061 1657 3140 confirmant,
1678 3081 1732 3123 ac-

328 3167 419 3236 cedit
437 3165 525 3226 Edit
543 3165 653 3230 Prine
674 3184 790 3226 sensus
807 3163 1022 3239 manifestum
1035 3167 1169 3226 flocus
1159 3188 1197 3226 ιιι
1212 3167 1332 3229 ceteris
1352 3167 1452 3228 libris
1469 3176 1503 3230 et
1517 3166 1731 3230 editionibus

327 3268 516 3332 multifarie
532 3267 747 3348 corruptus3'
737 3288 776 3329 ιιι
794 3267 969 3328 Craeconu
978 3276 1011 3329 et
1019 3269 1140 3330 Ursrnr
1149 3268 1260 3353 libris,
1272 3267 1552 3357 ogrteutmonet
1559 3291 1629 3355 rra,
1642 3279 1729 3334 et-

326 3375 483 3460 vulgata:
510 3371 610 3459 agite
623 3380 666 3433 ut
683 3372 797 3449 lubet,
811 3380 847 3436 et
861 3373 1036 3458 itm-unde·
1044 3370 1162 3433 Carrio
1174 3373 1320 3451 conjecit
1333 3394 1366 3437 a.
1380 3374 1439 3439 uti
1444 3375 1554 3466 jubet
1568 3372 1644 3456 ira,
1664 3377 1724 3436 sed

326 3482 491 3566 praeclara
508 3477 718 3561 optimorum
732 3477 902 3540 librorum
919 3478 1022 3540 lectio
1036 3478 1173 3566 nullum
1187 3479 1242 3541 dat
1256 3479 1372 3542 locum
1385 3476 1598 3558 conjecturis.
1614 3497 1729 3557 neque

326 3608 413 3650 mox
424 3583 570 3674 ingenio
582 3590 749 3676 eorporis
759 3584 807 3647 ita
820 3587 894 3652 Vat.
910 3607 935 3643 1.
947 3600 975 3644 ι.
986 3583 1075 3644 Edit.
1084 3584 1181 3645 Pr.·et
1190 3601 1309 3648 omnes
1320 3586 1425 3648 Godd.
1436 3585 1547 3646 credo.
1559 3584 1652 3643 unde
1663 3581 1727 3643 alii

280 3751 283 3758 .
311 3671 484 3778 ‘ingenuo
497 3690 649 3773 corpori
664 3693 903 3780 emendarunt,
919 3689 1054 3751 Cortius
1068 3679 1219 3776 ingenui
1238 3682 1404 3768 corporis
1420 3695 1453 3749 et
1468 3680 1542 3748 rita
1560 3680 1733 3767 eorporis

327 3796 491 3880 conjungi
480 3796 586 3859 ‘.vult
598 3797 665 3858 Sed
679 3815 782 3877 quam
792 3795 832 3857 in
844 3798 907 3856 hac
920 3794 1104 3857 verborum
1116 3792 1365 3877 compositione
1378 3790 1473 3853 sibi'
1463 3788 1619 3852 invenire
1634 3789 1726 3852 visus

326 3909 376 3965 est
387 3899 609 3986 elegantiam
624 3921 697 3962 eam
708 3899 840 3962 nullam
853 3919 922 3962 esse
934 3898 1152 3961 manifestum
1165 3906 1230 3974 est
1245 3919 1322 3960 cum
1338 3917 1484 3960 maurme
1495 3899 1632 3962 accedat
1645 3915 1727 3957 con

326 4014 415 4069 torta
431 4006 615 4069 verborum
632 4013 809 4069 structura
825 4014 987 4088 praterea
1002 4012 1092 4068 recte
1114 4004 1152 4065 in
1167 4025 1254 4068 moa:
1271 3997 1490 4067 offenderunt
1507 3985 1724 4084 interpretem

325 4131 437 4192 neque
454 4110 561 4174 altera
577 4104 680 4173 lectio
698 4109 778 4171 satis
796 4110 961 4192 expedita.
981 4110 1107 4192 duplex
1124 4109 1218 4171 enim
1235 4109 1370 4170 dativus
1389 4109 1503 4171 minus
1520 4105 1724 4182 concinnus3

327 4235 438 4296 neque
457 4217 494 4277 in
516 4227 584 4290 tam
603 4215 721 4299 paucis
738 4215 852 4277 verbis
873 4210 963 4278 vitoe
969 4235 1033 4298 per
1052 4214 1252 4298 epexegesin
1268 4214 1424 4274 additum
1444 4232 1514 4276 esse
1532 4211 1724 4295 putaveris;

234 4311 236 4316 ’
287 4345 289 4352 ’
327 4337 464 4386 sensum
482 4323 590 4401 quod
596 4321 731 4404 attinet,
750 4319 806 4384 his
828 4319 956 4438 verbis
954 4339 1001 4383 ea
1028 4319 1287 4407 confirmantur,
1310 4337 1385 4398 qua
1404 4336 1505 4400 supra
1526 4317 1671 4396 dixerat,
1691 4330 1727 4374 se

1376 4426 1483 4496 16
