4230 5348
1657 489 1729 568 131
1788 575 1795 594 x

333 700 335 704 ¹
397 681 499 743 sih.-
517 670 628 746 Dein·
648 668 772 775 compi
804 668 1058 766 Th'emiseyrii*
1081 674 1141 742 cfr.
1173 695 1276 764 supra
1302 681 1346 742 ad
1373 678 1415 743 n.
1437 697 1488 762 7²·
1515 681 1648 746 Strabo.
1667 684 1730 748 Ed.

236 863 240 872 ¹
281 859 283 863 ,
317 786 405 852 ΑΙαι.
426 809 462 870 p.
489 786 538 848 52.
556 784 627 860 ⁵54.
648 783 721 846 tta·
743 784 812 850 1262
836 786 905 846 503.
926 784 995 868 547.
1024 786 1124 852 -8a-
1144 783 1210 878 cfr..
1223 804 1326 870 supra
1340 777 1424 849 Lib.
1445 791 1477 850 3.
1493 785 1536 850 ir.
1560 793 1611 860 do,
1646 791 1734 854 Nem·

317 896 362 958 de
384 890 501 976 Oppio
525 891 599 956 haec
620 889 712 970 dicte
733 907 804 956 esse
830 889 968 953 nullum
996 903 1045 956 est
1068 891 1228 971 dubium3
1257 895 1352 975 apud,
1365 891 1523 956 Servium
1547 913 1730 980 perperam

318 993 442 1082 Appio
467 996 641 1079 seriptum.
669 996 737 1091 Sed
753 996 843 1061 hene
865 997 908 1061 de
928 997 983 1060 his
1006 997 1126 1066 verbis¹
1145 997 1283 1062 Carrio:
1304 994 1524 1081 «quanquam
1543 1000 1726 1091 explicatio

245 1170 249 1180 ,
317 1105 434 1188 potius
451 1105 639 1168 verborum
656 1101 808 1164 Salustii
826 1121 930 1183 quam
957 1102 1032 1185 ipsa
1055 1103 1255 1174 Salustianae
1276 1104 1444 1171 orationis
1461 1105 1660 1172 verbuessc
1678 1107 1730 1169 v'i-

319 1211 477 1277 dentur.»
511 1210 610 1286 -84-
637 1208 692 1273 Et
719 1195 872 1274 Metello
889 1292 893 1300 Ι
897 1209 1039 1290 procul
1065 1213 1198 1297 ugente
1233 1213 1346 1300 longa
1374 1231 1454 1293 spes
1490 1206 1731 1279 auxiliorum.

318 1315 391 1380 hace
411 1315 451 1378 in
465 1307 627 1380 'Ginuano
640 1313 794 1378 tumultu
809 1311 1017 1378 illustrando
1030 1314 1134 1379 hahet
1149 1316 1252 1379 Debr.
1273 1315 1361 1378 Satis
1379 1314 1475 1380 enim
1491 1325 1637 1397 constat,
1660 1333 1731 1398 quo

320 1413 477 1506 tempore
499 1421 613 1483 Cinna
641 1419 827 1486 exercitum
858 1429 977 1486 contra
1004 1421 1137 1487 urbemt
1147 1421 1263 1501 duxit,
1297 1419 1474 1498 Cacilium
1494 1413 1675 1488 Metellum
1693 1421 1735 1485 in

320 1525 480 1608 reliquiis
495 1527 584 1591 belli
596 1527 734 1592 socialis
749 1527 997 1612 persequendis
1010 1519 1228 1613 occupatum,
1247 1527 1285 1592 in
1301 1527 1442 1593 Samnio
1453 1535 1561 1592 cestra
1573 1526 1737 1594 hahuisse

321 1629 381 1696 csr.
403 1631 547 1717 Appiau.
568 1635 612 1698 dc
627 1634 663 1721 h.
683 1633 755 1700 Civ.
774 1634 801 1695 Ι.
820 1634 869 1696 68.
903 1634 1000 1696 -’85.·
1019 1633 1129 1698 More
1150 1627 1327 1715 equestris
1344 1631 1472 1715 proelii
1486 1628 1642 1716 sumplis
1660 1640 1735 1696 ter-

318 1733 378 1825 gis
392 1746 504 1820 atque
520 1732 674 1804 redditis
687 1747 749 1804 etc.
772 1737 832 1803 cfr.
848 1741 927 1826 Jug.
950 1743 1007 1819 59:
1026 1758 1121 1814 «non
1142 1746 1181 1802 ot
1198 1736 1348 1820 equestri
1365 1738 1491 1822 proelio
1508 1737 1613 1820 solet„
1633 1718 1735 1816 sequi

321 1842 402 1905 dein
417 1846 577 1920 cedere»
592 1844 666 1923 jam
684 1853 791 1935 terga
811 1845 909 1928 dare,
928 1845 1082 1928 praebere
1100 1845 1157 1908 iel
1169 1843 1318 1907 reddere
1331 1851 1370 1905 ut
1386 1845 1421 1908 h.
1435 1844 1459 1904 I.¹
1473 1811 1519 1898 wi
1530 1823 1616 1897 νῶτῶ
1635 1817 1737 1911 citii&

318 1943 549 2037 profugere,
569 1946 739 2039 refugere
757 1950 846 2033 dici,
864 1949 1053 2034 'iu'vulgus
1069 1955 1206 2025 notum3
1227 1949 1288 2009 sed
1307 1954 1333 2007 t.
1351 1967 1493 2010 sumere
1509 1947 1575 2029 'pro
1599 1945 1737 2026 insequi
1824 2035 1827 2044 ὁ

319 2055 410 2133 apud
434 2053 573 2114 nullum
588 2073 743 2134 unquam
763 2053 964 2136 scriptorem
979 2070 1035 2114 me
1054 2051 1178 2136 legisse
1194 2050 1358 2124 memini;
1378 2051 1467 2114 hanc
1488 2048 1597 2130 igitur
1611 2049 1754 2112 dictio-⁸

306 2144 401 2236 'nem
424 2175 445 2216 a
462 2155 611 2216 Salustio
632 2139 708 2210 κατ’
728 2140 917 2230 ἆνωλογίαν
936 2155 1174 2217 antecedentis
1190 2153 1307 2214 fictam
1324 2147 1396 2215 esse
1410 2150 1620 2234 putaverim3
1634 2149 1736 2216 nuda

321 2267 427 2345 terga
447 2255 615 2324 inuadere
637 2258 711 2320 Liv.
725 2266 760 2324 et
778 2257 917 2321 Tacitus
936 2256 1114 2336 dixerunt;
1135 2257 1209 2321 Liv.
1228 2277 1255 2316 t.
1280 2274 1329 2337 27.
1350 2259 1439 2323 Anu.
1463 2273 1492 2316 a.
1515 2276 1563 2336 ²7·
1584 2257 1619 2317 h.
1637 2273 1666 2334 4,
1684 2259 1733 2320 66.

319 2363 417 2444 -87.-
438 2364 583 2428 Multos
595 2367 717 2425 tamen
735 2361 780 2424 ab
800 2352 1061 2426 adulescentia.
1082 2365 1128 2424 ad
1141 2345 1284 2446 Cethegi
1302 2380 1414 2424 mores
1427 2343 1652 2424 illustrandos
1667 2362 1737 2426 hoe

243 2549 244 2552 Ἴ
319 2467 490 2550 pertinere
508 2465 627 2530 statuit
645 2465 750 2527 Debr.
780 2464 841 2526 cfr.
858 2484 961 2546 supra
982 2483 1061 2548 pag.
1079 2485 1128 2546 70.
1149 2467 1247 2528 -88.-
1269 2465 1385 2531 Cosas
1398 2465 1587 2530 Salustium
1612 2467 1733 2552 singu·

318 2572 386 2636 lari
401 2591 546 2635 numero
564 2569 690 2632 dixisse
709 2577 828 2632 auctor
839 2568 1044 2634 es'tServius.
1067 2571 1111 2634 de
1130 2572 1197 2632 hoc
1209 2569 1340 2654 oppido
1358 2570 1405 2632 ita
1417 2572 1570 2635 Rutilius
1579 2573 1698 2638 Itiner.
1708 2576 1735 2640 I.

322 2679 390 2758 295.
403 2697 452 2758 sq.
461 2678 562 2738 Inter
574 2684 762 2738 castrorum
770 2674 915 2759 vestigia
924 2674 1176 2755 sermoretexit‚
1183 2676 1349 2737 Sardoam
1359 2676 1491 2759 Lepido
1501 2679 1739 2762 precipitante

252 2825 253 2828 ,
320 2781 456 2866 fugam,
486 2781 591 2843 litore
621 2799 768 2861 namque
794 2782 887 2844 Cosa
918 2786 1081 2864 cognatos
1109 2780 1244 2862 depulit
1268 2782 1401 2861 hostes,
1435 2781 1599 2846 virtutem
1625 2785 1737 2846 Catuli

321 2889 434 2949 Roma
461 2893 576 2948 secuta
597 2885 702 2948 ducis.
723 2906 821 2964 -9o.-
843 2885 976 2951 Fessus
994 2880 1033 2945 in
1052 2884 1321 2971 Pamphyliam.
1342 2886 1428 2948 Cum
1443 2886 1544 2948 nullo
1563 2884 1635 2950 fere
1656 2887 1736 2952 loco

283 3017 291 3032 ,
320 2991 389 3054 nisi
408 2991 445 3054 in
473 2990 568 3054 hello
589 2990 736 3073 piratico
761 2988 988 3051 describendo
1011 2986 1114 3065 hujus
1134 2988 1204 3051 loci
1226 2991 1358 3054 mentio
1385 2989 1463 3055 fieri
1479 2999 1614 3075 posset,
1633 2990 1736 3058 facile

320 3097 510 3182 putaveris,
532 3097 599 3156 hoc
616 3093 657 3158 fr.
676 3113 717 3156 eo
737 3091 921 3174 pertinere.
940 3093 1008 3153 Sed
1027 3113 1113 3155 num
1130 3093 1297 3158 Servilius
1311 3083 1356 3158 'an
1374 3097 1565 3179 piratarum
1582 3099 1652 3160 dux
1666 3097 1737 3185 sig·-

322 3202 502 3282 nificetur‚
523 3197 705 3260 incertum.
736 3197 870 3260 Fessus
891 3196 981 3286 Seru.
1001 3195 1169 3276 explicata
1183 3217 1286 3281 egens
1314 3200 1469 3281 consilii3
1490 3223 1573 3265 nam
1591 3222 1736 3290 corpore

322 3305 506 3390 fatigatum
527 3300 693 3376 dicimus,
724 3297 841 3361 animo
862 3297 999 3360 fessum.
1032 3317 1134 3376 -91.-
1153 3297 1354 3382 Profectus
1378 3302 1527 3386 quidam
1549 3304 1666 3395 Ligus
1688 3309 1741 3371 ad

323 3405 514 3493 requisita·
532 3413 689 3470 naturae.
719 3404 777 3469 cfr.
800 3403 970 3467 Ammian.
990 3403 1139 3466 XXXIII.
1166 3425 1194 3467 c.
1215 3407 1278 3474 ult.
1300 3429 1430 3492 <<super
1447 3411 1511 3475 hist
1530 3432 1594 3487 nec
1612 3413 1736 3474 stando

324 3514 585 3600 mingens,·nec
606 3515 650 3574 ad
671 3510 834 3592 requisita
861 3517 992 3573 natura
1015 3511 1173 3573 secedens
1195 3509 1297 3574 facile
1319 3513 1446 3575 visitur
1470 3516 1586 3578 Persa:
1607 3511 1658 3574 ita
1674 3514 1737 3576 oh—

324 3625 513 3686 servantius
533 3622 606 3684 hac
627 3616 766 3698 aliaque
788 3619 956 3702 pudenda·
976 3616 1185 3686 declinant.»
1209 3618 1334 3680 Wasse.
1356 3618 1416 3678 cfr.
1441 3616 1602 3699 spartian
1623 3619 1736 3680 Carac.

326 3729 384 3794 VI.
405 3725 550 3798 Hieron.
580 3725 656 3786 adv.
677 3722 852 3794 Iovinian.
874 3724 901 3786 Ι.
922 3730 1073 3786 ceterum
1098 3724 1167 3785 hoc
1194 3721 1364 3804 loquendi
1394 3739 1503 3804 genus
1529 3720 1739 3806 Quinctiliu-

326 3851 392 3894 nus
410 3828 644 3914 periphrasim
659 3827 716 3890 vel
741 3815 923 3891 circuitum
945 3829 1113 3909 loquendi
1137 3827 1238 3914 dicit,
1259 3846 1335 3910 quae
1359 3845 1609 3908 nonnunquam
1629 3828 1737 3892 habe·

325 3945 387 4000 ent
406 3935 667 4010 necessitatem,·
680 3933 842 4014 quotiens
870 3933 965 3996 dictu
995 3932 1166 3996 deformia
1188 3933 1397 4026 operiantur.
1430 3932 1561 3996 seilicet
1595 3929 1739 4014 requiri

327 4042 490 4104 dicuntur
510 4038 632 4122 etiam5
652 4036 731 4120 quie
743 4039 932 4104 neccssaria
946 4046 1024 4102 'sunt
1039 4038 1100 4101 cfr.
1120 4040 1190 4102 Gic.
1205 4061 1269 4124 pro
1284 4041 1377 4101 Man.
1399 4054 1448 4099 aa.
1470 4039 1637 4102 ceterum
1652 4039 1736 4103 scite
1760 4115 1764 4120 Ι

327 4147 400 4210 haec
428 4147 535 4210 Debr.
559 4165 637 4208 cum
658 4144 698 4206 fr.
723 4149 753 4208 3.
783 4149 832 4208 36.
868 4145 1047 4230 conjungit
1076 4151 1114 4208 ct·
1136 4166 1156 4207 a
1176 4146 1302 4230 Ligure
1326 4144 1391 4207 illo
1420 4141 1603 4205 transitum
1631 4143 1737 4206 saltus

328 4251 509 4332 asperrimi
535 4250 874 4330 inventumjudicat.
902 4270 978 4331 quae
997 4250 1139 4332 quidem
1162 4249 1356 4329 conjectura
1377 4267 1417 4312 eo
1442 4245 1614 4325 firmatur,
1642 4250 1744 4329 quod*

330 4354 435 4421 rerba
453 4355 665 4438 iis‚.quaeiu
677 4358 847 4445 Iugurtha
866 4375 895 4420 c.
912 4360 961 4438 93.
980 4355 1164 4441 leguntur,
1185 4363 1265 4420 sunt
1284 4353 1473 4432 simillime.
1507 4369 1604 4433 -9a.-
1623 4351 1739 4434 Apud
1862 4441 1864 4446 Δ

928 4463 936 4474 “
1386 4470 1410 4515 >s
