4242 5334
353 377 449 556 ..4

260 701 279 750 ,
329 654 331 656 ’
395 656 653 721 multitudinem
675 655 713 718 in
733 671 842 713 unum
863 661 895 715 J·
919 649 968 710 80.
1001 650 1149 734 cogendi
1168 657 1317 733 potestas
1340 653 1388 711 ιδ.
1410 667 1495 729 quas
1516 667 1586 711 nox
1606 655 1763 735 co‘e'gerat

393 767 488 828 sedes
495 762 669 825 habebant
682 760 727 820 18.
735 764 885 817 armatus
894 755 1127 836 intentusque,
1137 757 1219 818 item
1229 755 1358 816 milites
1367 775 1440 839 cog.
1454 773 1521 816 ιοο.
1530 753 1698 822 finitimos
1706 779 1763 821 ar-

392 871 476 942 mis,
507 869 571 930 sub
592 863 775 946 imperinm
802 864 848 921 ι8.
880 882 920 922 ex
943 861 1042 922 Latio
1070 870 1103 922 et
1123 882 1143 923 a
1165 862 1266 924 sociis
1294 861 1424 923 milites
1445 880 1567 944 cogere
1589 865 1637 943 95.
1658 883 1762 944 pecu-

390 975 467 1033 nias
488 984 527 1035 H.
548 975 590 1030 Π.
616 984 661 1042 ι4.
677 981 800 1029 ‘rerum
823 965 1073 1027 necessitudine
1088 975 1224 1028 coactus
1237 944 1289 1041 48.
1308 974 1455 1050 egestate
1476 968 1633 1030 locorum
1645 979 1684 1034 Η.
1696 969 1762 1030 inc.
1803 967 1813 984 “

389 1089 458 1148 ιι4.
487 1075 589 1136 Italia
610 1081 725 1136 coacta
748 1073 786 1133 in
808 1069 982 1154 angustias
1002 1071 1050 1131 ib.
1071 1092 1121 1151 97.
1150 1069 1345 1134 volentibus
1367 1091 1471 1152 quam
1494 1074 1622 1136 coactis
1651 1075 1762 1157 impe-

388 1182 493 1243 ritare
513 1192 546 1245 J·
570 1201 643 1260 ιοι.1

351 1283 637 1374 Cognationem‚
658 1279 859 1346 affinitatem
879 1317 920 1330 -
941 1279 1164 1342 intervenisse
1185 1290 1218 1344 J.
1244 1303 1312 1341 ιιι.
1334 1291 1493 1365 cognatos
1517 1299 1569 1359 ι4.-
1586 1285 1634 1348 85.
1658 1295 1692 1350 C.
1708 1288 1758 1346 6ι.
1872 1300 1878 1308 ·

353 1392 582 1479 Cognoscere
601 1390 758 1451 inimicos
780 1389 870 1449 inter
891 1389 1056 1448 cadavera
1077 1396 1113 1448 C.
1137 1386 1187 1444 61.
1208 1384 1294 1486 fides
1314 1408 1351 1449 re
1372 1389 1511 1473 cognita
1531 1391 1579 1451 56.
1612 1390 1758 1454 consilio

391 1519 419 1558 c.
440 1513 488 1570 4ι.
512 1500 562 1572 45.
583 1496 717 1573 indicio
741 1517 788 1579 17.
821 1515 893 1556 rem
916 1509 964 1566 4ι.
995 1496 1116 1555 domos
1137 1501 1239 1573 atque
1260 1492 1363 1555 villas
1383 1511 1429 1559 ιι.
1452 1515 1511 1556 eos
1532 1514 1645 1558 mores
1666 1515 1758 1558 eam-

390 1623 457 1683 que
477 1602 681 1664 modestiam
703 1603 751 1661 5ι.
775 1601 872 1685 signa
893 1619 954 1662 sua
976 1613 1026 1681 47.
1055 1600 1121 1666 iter
1142 1617 1183 1662 ex
1203 1598 1357 1683 perfugis
1380 1605 1428 1678 57.
1450 1620 1563 1680 neque
1582 1602 1678 1664 bello
1699 1621 1759 1664 ne-

389 1727 456 1788 que
477 1706 560 1790 pace
581 1715 680 1770 antea
701 1707 858 1791 cognitus
878 1717 909 1769 J.
930 1724 978 1766 ao.
1008 1704 1140 1766 deditio
1162 1725 1225 1787 per
1245 1705 1391 1768 nuncios
1412 1706 1551 1789 cognita
1581 1717 1620 1772 Η.
1642 1711 1684 1768 H.
1709 1725 1757 1769 aa.

392 1812 526 1875 Metelli
545 1813 648 1874 rebus
668 1811 816 1894 cognitis
839 1813 887 1871 55.
908 1810 1046 1871 insidiis
1058 1831 1104 1888 7ι,
1124 1830 1197 1873 rem
1220 1831 1358 1874 omnem
1380 1811 1542 1896 cognovit
1562 1812 1610 1874 ib.
1630 1831 1758 1896 cogno-

389 1918 438 1979 vit
469 1921 512 1981 de
540 1917 673 1979 indicio
695 1938 735 1979 ex
756 1915 910 2000 perfugis
932 1917 980 1996 75.
1003 1915 1114 1978 literis
1135 1917 1283 2001 cognitis
1304 1919 1351 1979 ib.
1373 1920 1520 1979 adventu
1542 1918 1668 1980 Bocchi
1692 1941 1756 1979 101.

389 2043 517 2105 paucos
550 2022 641 2084 fama
671 2022 827 2106 cognitos
848 2023 898 2095 84.
932 2023 1174 2103 experimentis
1203 2023 1380 2107 cognitum
1404 2033 1485 2088 erat.
1506 2026 1557 2098 46.
1589 2022 1757 2106 promissa

389 2129 566 2212 cognitum
587 2128 682 2190 misit
701 2131 753 2206 93.
774 2136 853 2190 ante
875 2136 908 2189 te
930 2119 1111 2212 cognitum
1131 2150 1197 2189 ιιο,
1218 2129 1287 2192 sibi
1311 2150 1352 2193 ex
1371 2130 1467 2191 Sulla
1481 2129 1664 2213 cognitum
1690 2149 1757 2189 112.

389 2215 492 2294 nese
511 2233 620 2294 aliurn
646 2241 807 2316 putarent
826 2253 865 2294 ac
886 2234 1079 2299 Numantiae
1109 2234 1266 2316 cognitus
1297 2244 1384 2296 esset
1409 2239 1456 2296 15.
1490 2254 1571 2318 ager
1600 2233 1757 2297 hostibus

390 2338 439 2408 48.
463 2357 669 2421 cognoscere
688 2338 775 2419 quid
796 2337 882 2398 boni
902 2337 1057 2417 utrisque
1079 2347 1166 2399 esset
1187 2340 1236 2400 88.
1262 2339 1469 2418 quibuscum
1490 2341 1652 2400 mandata
1672 2342 1756 2400 Boc-

387 2441 444 2504 chi
465 2442 640 2527 cognoscit
664 2459 732 2517 ιο4.
753 2445 797 2504 de
817 2445 966 2503 adventu
986 2444 1031 2500 M.
1054 2443 1102 2521 87.
1123 2461 1246 2523 parum
1268 2446 1413 2526 cognovi
1434 2465 1483 2522 79.
1613 2511 1616 2520 .

347 2549 492 2614 Cohors
511 2545 672 2629 praetoria
693 2558 728 2611 c.
752 2549 802 2608 60.
832 2552 1000 2609 veteranae
1023 2549 1073 2628 59.
1096 2545 1241 2630 Peligna
1262 2557 1295 2611 J.
1319 2549 1388 2609 105.
1408 2547 1608 2635 legionariae
1631 2553 1678 2610 51.
1700 2570 1756 2613 ex·

387 2653 513 2735 peditae
533 2654 583 2725 46.
606 2670 655 2730 90.
682 2650 879 2711 cohortium
907 2650 1060 2732 praefecti
1082 2635 1130 2725 46.
1163 2651 1303 2716 delectae
1335 2663 1375 2718 H·
1396 2655 1454 2715 ΠΙ.
1478 2659 1527 2731 57.
1555 2653 1687 2718 festinae
1715 2666 1753 2719 H.

387 2752 455 2818 inc.
479 2771 547 2831 ι4ι.
570 2754 629 2816 cfr.
650 2757 706 2820 IV.
728 2775 778 2838 ²7·
872 2770 874 2780 ’
1299 2789 1302 2794 -

348 2861 487 2945 Colice,
513 2863 692 2926 observate
713 2861 816 2923 talem
836 2862 930 2923 hunc
950 2847 1062 2922 virum
1084 2870 1115 2925 J.
1139 2880 1185 2921 ιο.
1200 2856 1202 2862 ’
1217 2879 1330 2942 neque
1350 2860 1431 2924 illos
1454 2868 1527 2925 arte
1547 2863 1677 2944 colam,
1698 2883 1754 2926 me

388 2969 571 3051 opulenter
591 2970 640 3031 85.
659 2968 746 3029 boni
766 2985 878 3029 mores
899 2966 1102 3029 colebantur
1124 2977 1160 3031 c.
1182 2989 1211 3046 9.

349 3073 454 3140 Colle
474 3076 618 3133 advorso
640 3074 789 3134 evadunt
808 3082 841 3136 J.
858 3075 905 3133 52.
929 3092 970 3134 ex
991 3080 1108 3137 monte
1129 3056 1246 3137 medio
1267 3071 1366 3153 quasi
1386 3071 1486 3134 collis
1506 3071 1682 3134 oriebatur
1701 3073 1751 3146 48.

388 3197 416 3236 o.
438 3175 646 3238 editissimas
666 3188 705 3242 Η.
727 3181 753 3238 Ι.
773 3181 822 3251 45.
844 3175 904 3237 cfr.
925 3188 956 3242 J.
980 3180 1029 3259 98.
1050 3193 1100 3261 49.

347 3274 607 3353 collibuissent
627 3301 703 3362 qnae
721 3281 910 3344 victoribus
931 3293 966 3358 C.
989 3286 1054 3344 51.

298 3465 302 3470 ᾖ
348 3382 521 3448 Collocat
541 3384 640 3468 signa
661 3387 767 3450 artius
787 3386 825 3447 in
847 3386 1010 3449 subsidiis
1032 3398 1067 3452 c.
1091 3389 1140 3464 59.
1161 3404 1240 3447 suos
1259 3394 1292 3448 J.
1314 3398 1363 3460 49.
1385 3383 1423 3443 in
1443 3385 1658 3464 provinciam
1680 3387 1752 3446 col-

385 3489 478 3550 locat
500 3495 547 3553 61.
567 3489 737 3572 praesidiis
758 3493 933 3556 collocatis
955 3504 991 3557 c.
1012 3493 1062 3564 45.
1079 3489 1141 3550 cfr.
1163 3501 1203 3554 Η.
1223 3487 1292 3551 inc.
1315 3508 1366 3566 9²·

282 3649 285 3653 .
313 3591 322 3606 ‘
348 3591 545 3676 Colloquio
575 3595 612 3657 in
632 3583 739 3659 verba
759 3597 842 3660 facit
861 3611 892 3664 J.
916 3600 965 3659 58.
1000 3595 1093 3658 diem
1125 3588 1304 3669 colloquio
1339 3587 1506 3672 deligeret
1527 3592 1595 3652 108.
1625 3592 1699 3656 dies
1720 3615 1748 3657 c.

384 3702 541 3763 decretus
564 3705 629 3764 ιι5.
659 3705 699 3766 in
720 3724 748 3764 c.
767 3704 819 3765 uti
841 3707 883 3764 de
903 3721 987 3785 pace
1005 3699 1184 3763 veniretur
1203 3694 1250 3760 ib.
1273 3713 1301 3757 c.
1321 3695 1487 3777 permisso
1515 3683 1687 3760 militibus
1708 3709 1749 3764 Η.
1787 3737 1791 3750 ·

384 3804 452 3867 inc.
473 3821 524 3880 42.
985 3819 988 3823 “

347 3907 507 3970 Colonia
525 3911 685 3970 Thereon
710 3920 743 3974 J.
767 3931 814 3988 19.
845 3909 910 3969 col.
931 3903 1141 3966 deducendis
1161 3900 1381 3965 triumvirum
1403 3917 1451 3976 aa.
1484 3907 1549 3969 col.
1578 3914 1613 3970 et
1632 3909 1748 3972 muni·

387 4008 478 4089 cipia
496 4011 663 4090 patebunt
685 4022 720 4073 c.
743 4014 791 4072 58.
813 4010 915 4071 multi
936 4028 976 4068 ex
996 4028 1025 4068 c.
1046 4015 1080 4069 et
1099 3997 1299 4089 municipiis
1322 4028 1370 4090 17.

348 4108 523 4177 Cominus
542 4110 666 4173 acriter
685 4111 813 4174 instare
834 4117 869 4176 (ἴ.
891 4114 940 4173 60.
960 4110 1080 4175 faciem
1101 4131 1198 4174 suam
1219 4113 1411 4175 ostentabat
1432 4122 1471 4178 H.
1493 4111 1561 4175 inc.
1581 4116 1631 4175 65.

348 4202 518 4282 Comitiis
537 4217 665 4280 habitis
687 4229 723 4284 c.
744 4233 792 4312 qt.
814 4216 1035 4290 comitiorum
1056 4217 1130 4282 dies
1149 4199 1246 4282 ve'nit
1266 4214 1365 4301 auc.
1386 4236 1484 4281 mora
1503 4228 1535 4283 J.
1555 4233 1604 4293 44.
1624 4238 1652 4282 c.
1672 4218 1746 4283 dies

384 4324 589 4389 adventabat
607 4324 657 4384 56.
693 4330 707 4340 “
1617 4317 1623 4332 ’
