4334 5354
1649 451 1723 530 548

319 640 500 725 explicari,
521 639 560 702 id
579 635 764 723 saepissime
786 636 823 700 ia
853 639 1020 724 oppositis
1046 641 1318 706 animadvertere
1346 641 1428 708 licet
1454 645 1491 710 G.
1509 649 1548 712 ,8.
1576 657 1607 720 4.
1636 644 1666 711 6.
1695 669 1725 728 7.

210 823 214 829 ,
315 755 382 814 ate.
396 746 479 808 talia
494 744 588 829 enim
600 746 767 828 asyndetu
779 753 935 829 regnant.
957 755 995 808 ut
1014 745 1064 810 ita
1085 747 1208 833 dicam,
1228 747 1267 811 in
1280 748 1437 813 oratione
1456 747 1608 812 Salustii.
1631 744 1726 820 Cau·

172 851 177 863 *
225 863 227 868 '
312 856 414 916 ‘sales
439 874 473 936 p.
503 850 598 932 quod
626 843 765 932 attinet,
799 870 885 914 nam
913 859 947 914 et
972 873 1130 934 namque
1149 862 1229 916 sunt
1249 854 1489 919 usitatissima.
1530 857 1608 920 Nan
1630 856 1725 920 enim

319 963 450 1042 omnia,
471 976 512 1020 ex
525 955 651 1038 quibus
666 955 801 1037 aliquid
822 952 983 1042 efficitur,
999 958 1184 1048 praemisit,
1201 963 1264 1022 sed
1272 960 1437 1042 primum
1457 979 1530 1023 rem
1550 979 1615 1043 pro
1631 969 1724 1024 certa

317 1064 448 1147 posuit,
470 1072 503 1126 et
522 1063 728 1146 postmodo,
748 1080 825 1156 qum
846 1080 921 1124 eam
943 1063 1202 1149 confirmarent,
1217 1065 1387 1144 adjunxit.
1408 1065 1443 1127 C.
1462 1089 1488 1127 4.
1503 1069 1534 1132 3.
1548 1082 1579 1141 4.
1599 1086 1647 1132 40.
1673 1067 1722 1128 45.

323 1173 368 1232 46.
391 1187 440 1232 40.
463 1171 656 1249 434637.
678 1169 728 1230 38.
750 1175 799 1245 43.
823 1169 871 1230 54.
893 1173 955 1234 ter.
978 1169 1027 1230 54.
1055 1179 1088 1236 J.
1118 1171 1167 1231 48.
1196 1175 1246 1234 34.
1275 1179 1337 1234 ter.
1366 1175 1418 1244 84.
1449 1172 1498 1234 35.
1527 1171 1576 1236 88.
1596 1172 1646 1252 89.
1668 1187 1719 1250 94.
1767 1165 1770 1172 ’

312 1296 389 1338 440.
429 1274 540 1338 Enim
563 1283 598 1338 et
625 1271 757 1337 etenim
785 1271 960 1338 rarissima
980 1276 1016 1336 C.
1038 1290 1087 1338 40.
1107 1285 1138 1340 J.
1161 1273 1290 1342 satin.
1318 1272 1511 1357 quoniam,
1533 1275 1629 1354 quod
1649 1291 1723 1339 rem

320 1389 447 1442 certam
467 1389 500 1442 et
520 1379 737 1446 manifestam
757 1399 829 1443 esse
843 1377 1041 1462 signifieat,
1070 1382 1267 1443 adamatum
1286 1387 1336 1444 est
1356 1377 1516 1447 salustio.
1541 1390 1574 1444 J·
1600 1379 1645 1450 44.
1671 1399 1720 1457 49.

322 1501 370 1559 44.
381 1503 436 1563 49.
452 1487 501 1546 30.
518 1487 567 1547 35.
582 1499 631 1560 40.
646 1499 696 1559 44.
713 1486 762 1560 45.
779 1487 830 1557 46.
849 1490 897 1550 54.
916 1489 963 1548 53.
979 1488 1032 1548 64.
1048 1507 1097 1568 79.
1114 1487 1163 1547 80.
1178 1487 1227 1547 84.
1242 1487 1293 1549 85.
1307 1489 1357 1565 95.
1375 1501 1441 1561 404.
1458 1503 1486 1546 0.
1501 1483 1721 1562 conjunctivo

323 1610 389 1668 407,
413 1603 480 1651 444.
504 1590 562 1656 Or.
583 1589 655 1653 Lic.
695 1590 809 1652 Etiam
828 1589 999 1673 particula
1020 1573 1108 1670 quia
1128 1590 1246 1654 multis
1266 1588 1353 1653 locis
1374 1587 1524 1653 occurrit
1544 1584 1577 1651 J.
1601 1591 1647 1650 16.
1671 1606 1721 1650 40.

308 1697 368 1756 48.
392 1697 441 1756 35.
461 1697 512 1756 80.
535 1697 584 1758 83.
605 1697 654 1772 84.
677 1718 725 1778 79.
749 1697 874 1778 107.C.
897 1713 946 1756 40.
969 1695 1070 1776 quad
1086 1695 1272 1779 saepissime.
1292 1696 1327 1756 C.
1350 1695 1397 1756 45.
1422 1696 1469 1753 46.
1494 1695 1541 1754 48.
1567 1714 1613 1772 49.
1654 1693 1722 1758 Sed

322 1819 402 1860 cum
434 1791 583 1882 (de'quo
604 1821 632 1862 c.
654 1799 726 1864 ind.
741 1788 863 1878 juncto
882 1800 963 1862 vide
984 1802 1118 1861 Comm.
1140 1803 1185 1858 ad
1204 1810 1238 1862 J.
1263 1815 1333 1858 404.
1355 1797 1416 1863 cfr.
1437 1799 1463 1864 I.
1487 1797 1569 1881 50),
1604 1797 1721 1862 minus

317 1921 405 1986 saepe
426 1914 639 1988 usurpatum,
658 1925 735 1965 cum
755 1904 789 1968 S.
811 1921 883 1982 nan
896 1907 975 1961 tam
996 1921 1037 1964 ex
1057 1901 1111 1962 sui
1127 1900 1238 1962 animi
1258 1918 1359 1962 sensu
1379 1918 1433 1962 res
1448 1900 1594 1982 judicet,
1615 1921 1721 1981 quam

317 2025 358 2068 ex
378 2005 481 2068 rebus
501 2007 604 2088 gestis
625 2011 827 2089 argumenta
847 2011 996 2086 repetam
1020 1999 1151 2086 quippe
1170 2020 1242 2064 non
1262 2003 1451 2085 0001000,
1481 2004 1608 2066 omisso
1630 2007 1722 2068 reta-

316 2109 409 2190 1140,
430 2109 580 2192 positum
603 2118 662 2171 est.
684 2120 716 2175 J.
742 2129 768 2169 4.
791 2129 840 2187 90.
863 2113 932 2172 405.
954 2108 989 2168 C.
1013 2129 1060 2188 49.
1082 2105 1232 2187 quando
1253 2105 1314 2171 cfr.
1333 2109 1368 2170 h.
1391 2107 1433 2169 fr.
1457 2129 1483 2169 1.
1507 2127 1555 2186 49.
1578 2109 1638 2171 Or.
1658 2111 1723 2172 Ph.

308 2222 351 2278 1et
373 2219 402 2276 3.
426 2237 473 2276 44.
493 2216 554 2296 Ep.
575 2216 693 2296 Pomp.
720 2216 768 2275 Ex
790 2205 1002 2276 concessivis
1022 2233 1057 2294 p.
1079 2211 1263 2293 saepissime
1282 2231 1364 2274 usus
1383 2220 1434 2276 est
1455 2234 1665 2295 quanquam
1687 2218 1722 2278 et

318 2317 481 2397 tametsi3
503 2326 535 2380 et
556 2318 646 2380 illud
667 2318 809 2402 quidam
830 2314 992 2381 omnibus
1012 2315 1084 2379 fere
1111 2315 1198 2378 locis
1227 2318 1373 2381 eandem
1397 2317 1470 2379 vim
1495 2317 1617 2400 habet,
1644 2337 1722 2398 quae

316 2424 355 2484 in
382 2420 543 2504 quamvis
574 2431 633 2486 est.
664 2423 724 2485 cfr.
749 2434 782 2488 J.
812 2427 840 2485 3.
872 2436 918 2496 44.
945 2442 993 2500 47.
1016 2426 1067 2484 84.
1090 2425 1138 2484 88.
1160 2426 1209 2502 87.
1232 2425 1282 2484 88.
1304 2427 1353 2502 89.
1376 2425 1426 2498 43.
1448 2437 1498 2499 44.
1522 2425 1571 2484 58.
1594 2424 1645 2502 75.
1668 2425 1723 2486 88.-

317 2529 363 2603 84.
384 2545 434 2610 94.
458 2550 524 2609 407.
545 2527 586 2591 fr.
607 2529 642 2590 h.
665 2534 695 2590 8.
716 2546 762 2591 44.
786 2527 829 2590 de¹
851 2521 1000 2588 tametsi
1026 2525 1085 2587 cir.
1112 2536 1144 2590 J·
1165 2545 1218 2596 11.
1241 2531 1289 2592 48.
1315 2530 1362 2590 46.
1385 2545 1431 2590 40.
1455 2529 1503 2588 45.
1526 2530 1574 2588 46.
1597 2544 1645 2606 49.
1669 2523 1719 2596 84.

317 2637 366 2694 83.
388 2638 438 2707 34.
460 2644 521 2696 etc.
550 2641 713 2713 sequente
744 2641 866 2696 tamen
899 2634 946 2703 54.
967 2634 1017 2693 63.
1053 2633 1089 2690 C.
1112 2648 1161 2692 40.
1185 2649 1233 2692 44.
1269 2627 1415 2694 etiamsi
1433 2643 1465 2698 J.
1491 2651 1537 2692 10.
1563 2635 1630 2694 406.
1653 2625 1724 2694 etsi

316 2735 449 2816 aliquot
466 2737 626 2821 locispro
640 2757 850 2820 quanquam
870 2735 1023 2817 positum
1040 2730 1103 2794 est.
1124 2731 1220 2807 licet,
1241 2730 1413 2813 quamvis,
1431 2735 1648 2816 paucissimis
1667 2735 1720 2803 10.-

316 2838 566 2909 cisoccurrunt.
588 2843 626 2904 F
624 2837 739 2903 inales
759 2860 794 2923 p.
817 2861 871 2920 ne,
893 2846 945 2912 ut,
966 2837 1089 2919 saepius
1108 2837 1355 2917 postponijam
1369 2857 1472 2916 supra
1492 2849 1722 2902 memoratum

316 2955 364 3009 est
378 2946 437 3006 etr.
454 2949 585 3006 Comm.
602 2948 646 3004 ad
661 2948 695 3005 C.
713 2966 739 3002 1.
760 2943 798 3002 id
813 2942 907 3020 quod
922 2939 1025 3002 etiam
1039 2937 1077 2997 in
1092 2935 1234 2998 interea
1248 2937 1373 2998 accidit
1393 2949 1425 3002 J.
1448 2941 1498 3006 86.
1521 2943 1584 3002 880
1595 2948 1666 3005 408.
1686 2952 1720 3006 et

314 3046 711 3130 pronominidemon.ea
720 3040 1372 3125 particulapostquamnonnullislocis
1381 3044 1660 3127 postponiturat.
1670 3071 1718 3130 70.

315 3160 479 3233 praterea
496 3169 566 3230 qua
578 3147 774 3228 saepiuspro
796 3152 838 3206 ut
857 3145 1009 3228 positum
1024 3144 1117 3208 G.3s.
1139 3144 1200 3206 cir.
1218 3164 1335 3229 supra3
1357 3151 1400 3210 de
1416 3145 1504 3229 quin
1526 3149 1586 3218 cfr.
1601 3157 1650 3234 87.
1669 3159 1719 3217 58.

316 3275 390 3319 non
419 3253 505 3333 quin
526 3257 575 3316 38.
604 3262 636 3317 J.
659 3265 706 3325 40.
746 3251 848 3311 Haud
868 3269 947 3313 raro
970 3245 1185 3331 copulativa
1204 3274 1239 3334 p.
1262 3252 1457 3316 orationem
1476 3254 1653 3341 incipiunt
1673 3280 1718 3322 ac

316 3355 348 3422 J.
370 3364 420 3421 30.
441 3361 491 3420 86.
513 3360 562 3419 58.
587 3359 655 3420 406.
679 3377 746 3436 409.
778 3376 824 3417 aa
845 3355 874 3417 si
895 3357 942 3416 85.
974 3374 1013 3416 ac
1035 3355 1169 3418 tametsi
1188 3367 1220 3421 J.
1243 3359 1292 3418 45.
1315 3380 1360 3421 aa
1379 3360 1497 3441 ¹primo
1520 3365 1569 3442 89.
1611 3365 1664 3427 Et
1682 3376 1715 3430 J.

226 3451 227 3454 ¹
317 3468 366 3531 35.
388 3482 438 3540 44.
460 3467 506 3529 64.
529 3467 576 3545 78.
599 3464 647 3526 85.
689 3461 813 3542 Atque
834 3461 882 3522 85.
903 3461 950 3539 95.
975 3479 1042 3521 404.
1065 3477 1133 3521 404.
1154 3462 1189 3526 14.
1211 3462 1237 3528 Ι.
1263 3465 1309 3524 45.
1331 3472 1364 3524 et
1383 3463 1464 3526 vide
1484 3468 1562 3527 Ind.
1591 3467 1722 3548 Neque

318 3573 353 3632 G.
377 3573 426 3632 46.
445 3572 495 3630 84.
520 3563 556 3660 J.
576 3569 625 3630 65.
647 3569 696 3640 84.
718 3569 768 3634 85.
795 3569 844 3647 98.
873 3565 996 3650 saepius
1027 3564 1131 3629 etiam
1160 3587 1332 3647 que-que,
1361 3574 1501 3648 qua-et,
1529 3557 1715 3654 nequa-et,

213 3732 226 3746 ,
318 3695 389 3740 sese
410 3673 585 3756 excipiunt
606 3673 665 3737 cfr.
685 3694 830 3754 meque,
850 3693 984 3752 uosque
1003 3682 1035 3738 J.
1058 3674 1106 3736 85.
1129 3692 1254 3752 meque
1273 3667 1444 3754 uobisque
1467 3693 1535 3735 440.
1556 3695 1662 3756 seque
1682 3684 1719 3740 et
1799 3693 1802 3698 ’

319 3802 376 3862 op.
395 3791 425 3845 J.
446 3781 495 3842 46.
516 3799 624 3860 seque
642 3775 826 3860 uitamque
847 3799 896 3858 79.
925 3796 1030 3861 seque
1049 3798 1196 3858 remque
1215 3799 1249 3861 p.
1273 3778 1306 3840 C.
1330 3781 1379 3841 36.
1399 3789 1430 3845 3.
1452 3781 1501 3842 85.
1524 3777 1717 3861 illaqueet

320 3883 366 3969 76.Ι
388 3886 438 3946 85.
479 3884 659 3964 Neque-et
679 3895 710 3950 J.
733 3888 783 3946 84.
796 3880 951 3971 jamque
971 3886 1021 3964 98.
1047 3902 1114 3944 404.
1138 3887 1206 3950 406.
1228 3880 1339 3946 etiam
1360 3885 1395 3944 C.
1417 3902 1445 3947 4.
1467 3895 1502 3950 J.
1521 3902 1571 3947 44.
1593 3887 1642 3964 64.
1665 3888 1717 3948 80.
1804 3885 1806 3888 ’
1892 3873 1894 3878 Χ

320 3992 413 4072 quod
435 3992 479 4050 ad
500 3995 606 4049 totam
627 3988 832 4072 orationem,
853 4001 926 4053 nort
945 3989 1082 4074 singula
1101 3989 1206 4052 verba
1225 3988 1391 4073 pertinet,
1411 3990 1491 4054 vide
1511 3990 1583 4052 ind.
1612 3992 1713 4056 Cete-
1748 4053 1751 4056 .

316 4117 397 4159 ¹rum
418 4091 628 4179 copulativas
647 4116 682 4176 p.
703 4095 889 4180 saepissime
914 4095 1029 4159 omitti
1044 4095 1117 4172 jum
1137 4094 1259 4180 saepius
1279 4095 1486 4158 monuimus.
1517 4099 1576 4174 ,Ex
1595 4097 1719 4162 condi-

319 4202 508 4265 tionalibus
530 4214 610 4264 nota
630 4199 672 4262 ni
689 4199 811 4283 saepius
829 4220 894 4283 pro
915 4199 984 4263 nisi
1003 4199 1172 4286 positum.
1190 4208 1238 4263 'et
1258 4221 1337 4263 aum
1357 4201 1437 4264 aliis
1455 4201 1634 4285 particulis
1653 4205 1720 4264 ad-

319 4305 431 4368 verbii
452 4307 530 4372 loco
546 4307 712 4386 junctura
734 4300 808 4366 nisi
827 4308 928 4387 quod
943 4316 972 4372 J.
997 4309 1045 4388 89.
1068 4309 1118 4389 95.
1149 4302 1224 4369 nisi
1243 4302 1331 4387 quia
1354 4308 1403 4390 67.
1424 4303 1500 4370 nisi
1518 4315 1639 4370 tamen
1663 4307 1711 4380 44.
1746 4313 1751 4321 ’

1371 4417 1396 4465 ἢ
