4230 5348
389 451 461 517 120'

384 659 466 704 eum
482 646 566 725 post
582 638 838 724 rempublicam
848 654 869 697 a
886 575 983 698 Sulla
1006 637 1176 717 receptam
1198 631 1339 696 rediisse
1362 629 1457 694 dicit.
1477 623 1631 694 Penatis
1655 629 1722 712 (ita
1751 650 1792 698 ex

380 747 474 811 &vau
491 745 816 822 emendanduml-
774 737 921 806 -uilia
938 739 1067 832 habam
1084 737 1158 815 jam
1173 755 1236 820 per
1256 734 1393 820 singula
1415 733 1596 817 exprimit,
1618 755 1693 816 quae
1710 756 1791 818 par-

382 848 502 912 ricidii
525 847 670 909 crimine
695 844 925 909 continentur.
949 840 1036 926 quin
1059 837 1191 906 omnia
1221 847 1282 908 etc.
1310 840 1361 905 ita
1391 839 1500 905 Vatic.
1527 860 1554 901 1.
1582 859 1659 919 quaa
1685 839 1789 903 lectio

380 949 602 1016 hauddubie
622 946 839 1031 recipienda3
861 949 1016 1030 quamvis
1037 947 1230 1010 enimcum
1252 966 1292 1010 eo
1314 943 1529 1027 defenderis,
1549 945 1645 1024 quod
1667 944 1790 1028 saepius

380 1051 608 1115 indicativum
639 1054 744 1138 regit,
774 1054 837 1117 ubi
863 1055 916 1117 vis
942 1053 1120 1137 particulae
1138 1051 1210 1117 tere
1233 1048 1354 1114 eadem
1378 1068 1454 1131 quae
1475 1049 1514 1112 in
1540 1048 1707 1130 quoniam
1731 1055 1790 1126 est,

383 1156 443 1220 cfr.
462 1155 651 1222 Crotefend
673 1157 803 1221 Comm.
819 1180 860 1221 zu
880 1161 962 1221 Mat.
980 1163 1041 1222 etc.
1062 1180 1096 1241 p.
1111 1179 1182 1238 271.
1211 1163 1245 1219 et
1261 1157 1356 1237 quod
1375 1174 1416 1218 ex
1434 1174 1500 1218 usu
1522 1153 1649 1238 liuguae
1669 1152 1790 1236 priscae

381 1259 422 1325 in
442 1261 641 1326 universum
659 1283 742 1328 cum
761 1263 883 1346 saepius
904 1262 1094 1326 indicativo
1114 1261 1290 1347 jungitur,
1320 1259 1414 1331 (vide
1432 1257 1616 1322 innumera
1637 1258 1714 1332 loca
1734 1277 1789 1341 ap.

378 1366 511 1449 ¹l’laut.)
534 1364 622 1449 quin
641 1377 756 1433 tamen
777 1368 928 1432 orationi
951 1368 1062 1431 multo
1089 1367 1256 1444 majorem
1281 1364 1355 1428 vim
1380 1363 1487 1426 addit.
1509 1365 1654 1426 eandem
1670 1360 1791 1424 lectio·

378 1487 462 1534 nem
490 1489 531 1535 ex
561 1475 632 1538 suis
657 1474 759 1536 libris
791 1467 1012 1555 Ciacconius',
1040 1471 1204 1556 Ursinus,
1234 1473 1352 1535 Carrio
1382 1471 1577 1533 laudarunt.
1615 1459 1789 1529 callidum

368 1568 596 1662 facundiam
624 1577 798 1641 immerito
827 1579 866 1643 V.
884 1578 925 1638 D.
953 1572 1124 1640 caninum
1153 1578 1225 1663 legi
1249 1578 1442 1658 jusserunt,
1467 1576 1560 1654 quod
1591 1573 1657 1634 hoc
1688 1570 1727 1632 in
1747 1569 1789 1632 fr.

376 1677 549 1743 laudatur.
577 1699 713 1744 sensum
739 1682 812 1745 loci
829 1682 1118 1765 ireneexpressit
1138 1684 1216 1748 Tac.
1242 1681 1354 1766 Agric.
1386 1699 1442 1741 rr:
1474 1676 1698 1739 calliditatem
1720 1673 1790 1737 lori

378 1799 454 1844 non
472 1785 633 1847 exercuit.
667 1781 759 1865 Quis
780 1784 894 1849 victus
917 1785 1087 1871 camilla
1106 1781 1226 1850 simul.
1251 1787 1388 1848 ridetur
1408 1786 1504 1846 Cotta
1528 1799 1663 1844 causam
1685 1779 1788 1842 nohi-

376 1883 466 1946 lium
496 1892 615 1949 contra
638 1887 817 1951 Saturnini
843 1898 878 1955 et
895 1889 1043 1972 Sulpicii
1075 1869 1243 1961 insaniam
1274 1888 1483 1970 defendisse,
1511 1887 1637 1968 quibus
1664 1884 1788 1967 saepius
1851 1913 1854 1920 ·

378 1987 578 2071 opponitur.
599 1988 658 2052 cfr.
676 1990 745 2054 Cic.
763 1995 855 2056 Brut.
874 1995 923 2074 67.
941 1999 990 2074 59.
1003 1997 1055 2058 63.
1066 1992 1163 2084 jura
1185 2001 1333 2058 natum
1346 2030 1388 2044 -
1400 1990 1491 2081 jure
1511 1994 1586 2055 Vat.
1608 2015 1635 2052 2.
1655 1991 1721 2053 Sed
1742 1987 1788 2050 il·

377 2089 442 2158 lud
456 2090 590 2154 melius.
610 2091 671 2156 cfr.
683 2091 748 2157 Liv.
768 2099 818 2170 84.
838 2099 894 2175 57:
916 2097 1026 2179 ipsius
1040 2098 1098 2174 jus
1116 2106 1220 2179 atque
1238 2098 1421 2160 arbitrium
1441 2114 1528 2171 esse3
1546 2098 1593 2155 ita
1608 2092 1665 2170 jus
1682 2093 1788 2168 belli,

375 2197 493 2279 regni,
513 2196 677 2281 consulis,
697 2199 850 2282 populi'
838 2218 911 2278 Jus,
928 2201 1131 2284 saepissime;
1154 2201 1383 2265 (innodatur
1400 2205 1512 2280 atque
1520 2192 1714 2279 accipitur
1726 2196 1786 2259 cfr.

377 2301 454 2384 Jug.
477 2301 528 2367 85.
557 2323 591 2384 p.
582 2301 680 2384 .ι75.
710 2303 775 2365 ubi
796 2307 916 2368 eadem
943 2291 1116 2391 leguntur.
1148 2300 1425 2410 impeditissima
1452 2323 1526 2385 rep.
1562 2300 1621 2364 cfr.
1651 2301 1758 2365 Cic.
1747 2322 1785 2364 ru

374 2403 542 2473 Pisonstr
564 2406 728 2489 impedita
737 2407 938 2490 reipublicae
948 2417 1112 2490 tempora
1130 2411 1247 2471 Graece
1265 2415 1316 2470 est
1334 2377 1464 2482 timet&
1510 2407 1680 2486 Namque
1708 2405 1786 2470 Im·
1879 2431 1883 2439 ·

372 2517 566 2592 penatores
580 2546 624 2564 --
639 2495 802 2592 poscunt
817 2529 858 2575 ex
880 2509 936 2575 his
955 2511 1070 2580 verbis
1091 2509 1321 2593 intelligitur,
1355 2508 1460 2592 paulo
1491 2516 1571 2571 ante
1605 2509 1785 2592 epistolam

377 2633 399 2674 a
420 2613 585 2697 Pompejo
610 2616 656 2675 ad
686 2618 844 2676 senatum
867 2613 1005 2678 missam
1025 2617 1125 2678 hanc
1156 2613 1348 2682 orationem
1373 2612 1527 2674 habitam
1548 2612 1663 2676 fuisse.
1697 2618 1785 2676 Nam

374 2717 522 2807 Lucullo
540 2725 576 2784 et
606 2719 653 2778 M.
680 2719 779 2780 Cotta
804 2719 894 2780 Coss.
922 2715 1080 2800 Pompeji
1113 2717 1274 2800 precibus
1299 2707 1507 2780 satisfactum
1533 2727 1592 2780 est.
1626 2714 1787 2782 Sertorii

368 2840 440 2903 per
462 2817 599 2884 montis
607 2817 711 2909 suga
737 2821 787 2884 ita
804 2822 895 2885 Vatt.
918 2843 945 2896 p.
963 2838 994 2882 a.
1025 2822 1225 2885 contemtim
1252 2823 1326 2884 haec
1349 2821 1441 2883 dicta
1470 2826 1513 2885 de
1528 2821 1615 2885 belli
1639 2818 1784 2906 gerendi

372 2924 518 3008 ratione,
530 2945 598 3006 qua
606 2926 776 2990 Sertorius
786 2929 964 2990 Romanos
972 2929 1076 3014 duces
1086 2925 1263 3011 fatigabat3
1275 2926 1368 2988 idem
1380 2909 1602 2988 latrocinium
1610 2927 1781 2991 dicebant.

303 3053 311 3066 ·
374 3051 488 3093 manu
496 3038 640 3095 certare
648 3031 742 3094 idem
751 3034 846 3112 quod
855 3033 934 3117 Jug.
947 3030 1172 3114 57':proelium
1184 3032 1222 3094 in
1230 3029 1390 3094 manibus
1404 3030 1524 3094 facere.
1533 3030 1593 3097 cfr.
1603 3031 1676 3093 Liv.
1686 3048 1715 3092 2.
1725 3036 1779 3093 30:

374 3133 420 3199 nd
438 3152 578 3196 manum
601 3135 721 3201 venire
742 3145 777 3198 et
794 3154 822 3198 a.
842 3138 899 3212 46:
928 3156 1045 3221 pugna
1063 3135 1138 3214 jam
1157 3136 1196 3198 in
1210 3147 1354 3212 manus,
1368 3135 1441 3214 jam
1463 3139 1507 3198 ad
1524 3137 1658 3220 gladios
1678 3117 1801 3199 vene·¹

373 3245 438 3300 rat.
459 3235 570 3302 utilia
582 3261 725 3324 parare
745 3240 770 3303 i.
788 3260 817 3304 e.
834 3259 888 3305 res
910 3244 954 3304 ad
975 3241 1110 3305 bellum
1127 3241 1350 3322 necessarias„
1372 3249 1601 3302 commeatum
1621 3249 1682 3304 etc.
1699 3241 1791 3325 ride

301 3369 304 3377 Α
371 3343 450 3427 Jug.
466 3345 516 3405 86.
535 3341 631 3410 Asia
648 3347 780 3412 scilicet
796 3347 979 3431 provincia
989 3349 1158 3428 Romana,
1174 3365 1250 3426 quae
1274 3346 1342 3406 hoc
1366 3344 1509 3407 nomine
1528 3346 1779 3428 appellabatur3

373 3447 417 3510 de
439 3445 517 3525 ejus(
533 3447 661 3512 finibus
682 3449 744 3514 cfr.
759 3450 905 3535 Appian.
927 3454 971 3514 de
992 3451 1027 3512 b.
1054 3450 1172 3514 Mithr.
1197 3470 1224 3514 e.
1244 3449 1296 3512 58.
1317 3444 1499 3510 exercilus
1512 3483 1555 3498 -
1570 3451 1728 3510 aluntur
1745 3457 1778 3511 et

370 3549 526 3635 legiones
547 3554 740 3620 Valerianae
758 3574 822 3638 per
843 3562 954 3618 totum
979 3556 1047 3617 hoc
1065 3562 1200 3637 tempus
1223 3560 1331 3616 castra
1351 3553 1472 3616 stativa
1486 3553 1525 3620 ia
1547 3553 1627 3615 Asia
1646 3554 1778 3616 habue-

371 3664 460 3742 rant,
478 3666 513 3724 et
532 3657 609 3725 aliae
626 3659 735 3743 copiae
748 3679 775 3734 a
794 3659 890 3722 Sulla
906 3659 959 3723 ibi
977 3657 1106 3723 relictae
1124 3657 1273 3723 fuerant.
1295 3657 1354 3720 cfr.
1369 3657 1458 3721 Plut.
1467 3660 1548 3720 Luc.
1570 3679 1599 3738 7.
1617 3658 1714 3720 Sulla
1727 3659 1777 3730 25.

371 3759 596 3828 Macedonia
615 3765 697 3827 vide
718 3782 821 3848 supra
840 3783 917 3849 pag.
941 3783 989 3842 19.
1020 3759 1221 3830 marituma
1242 3761 1366 3826 infesta
1389 3769 1487 3826 erant
1510 3762 1700 3846 piratarum
1722 3762 1777 3824 inss

372 3862 591 3929 cursionibus
612 3866 671 3930 cfr.
689 3868 767 3930 loca
786 3887 863 3953 pag.
884 3885 935 3945 4¹·
956 3868 1103 3931 laudata.
1135 3889 1244 3949 quum
1271 3863 1430 3930 interim.
1457 3869 1563 3953 vulgo
1593 3870 1647 3932 hae
1669 3865 1776 3951 parti·
1859 3845 1865 3860 ⁸

312 4004 316 4012 -
373 3965 458 4029 culte
476 3969 525 4029 ita
543 3979 770 4056 usurpantur,
791 3981 830 4036 ut
845 3972 988 4035 diversis
1007 3972 1173 4034 orationis
1186 3969 1349 4034 membris
1366 3973 1577 4054 praepositae,
1596 3973 1713 4054 plures
1722 3989 1775 4034 res

372 4087 445 4132 uno
461 4071 653 4152 eodemque
674 4082 827 4160 tempore
851 4082 961 4163 gestas
987 4095 1073 4158 esse,
1094 4074 1285 4138 evidentius
1303 4077 1458 4141 doceant.
1477 4075 1544 4138 Sed
1565 4075 1618 4137 vis
1631 4075 1775 4137 causalis

372 4189 449 4252 quae
471 4173 510 4236 in
528 4177 698 4258 particula
721 4200 803 4242 cum
826 4188 893 4259 est,
920 4199 993 4242 non
1012 4179 1119 4264 perit,
1148 4186 1181 4242 et
1203 4181 1321 4263 multis
1342 4181 1381 4243 in
1403 4179 1488 4242 locis
1510 4177 1689 4242 manifesta
1707 4187 1771 4258 est;

369 4277 525 4363 exempla
539 4278 620 4349 vide
640 4301 693 4370 ap.
706 4285 828 4364 Horat.
846 4284 976 4352 Tursel.
996 4306 1032 4370 p.
1053 4299 1111 4364 229
1129 4301 1178 4366 sq.
1201 4285 1326 4349 Contra
1340 4283 1403 4374 ubi
1421 4289 1693 4378 componuntur,
1713 4282 1773 4366 (ut
1860 4269 1863 4274 ⁸
