4282 5390
369 507 418 581 68

366 703 482 765 Domo
509 705 566 776 313
585 717 652 786 pro
672 697 791 762 Rabir.
810 695 900 759 Post.
918 699 947 758 3.
967 697 996 760 6.
1015 715 1064 757 ιι.
1087 702 1121 760 et
1149 701 1163 759 t
1188 701 1223 760 ta
1255 693 1697 783 oratio.··Damosippique
1720 699 1782 768 cfr.

369 810 414 872 ad
436 805 534 870 Catil.
555 809 604 869 51.
624 804 711 871 locis
728 803 781 868 ibi
800 798 949 863 laudatis
966 801 1055 863 adde
1075 800 1173 863 Oros.
1195 805 1225 864 5.
1243 819 1301 881 293
1324 801 1393 864 Cic.
1411 803 1496 887 Epp.
1518 807 1563 865 ad
1582 805 1663 873 Dir.
1676 827 1706 886 9.
1724 829 1782 888 213

368 933 472 996 quem
495 932 516 974 a
536 903 640 973 Marii
660 907 818 990 partibus
838 904 968 1002 stetisse
990 913 1024 970 et
1039 904 1112 983 ejus
1128 904 1225 984 jussu
1244 906 1339 970 viros
1355 908 1614 993 amplissimos,⁴
1628 910 1784 977 Mucium
1831 937 1835 942 ·

368 1017 572 1096 Scaevolam,
600 1011 801 1096 pontificem
826 1011 1031 1096 maximum,
1045 1011 1263 1096 Domitium,
1283 1014 1320 1076 C.
1338 1015 1552 1101 Carbonem,
1570 1014 1790 1101 praetorium,

369 1119 520 1185 consulis
545 1119 686 1186 fratrem
718 1127 752 1186 et
777 1117 965 1182 Antistium
993 1101 1184 1184 aedilicium
1213 1119 1400 1186 trucidasse
1422 1123 1504 1185 satis
1525 1130 1667 1186 constat.
1692 1125 1782 1188 Nam
1833 1149 1838 1157 ·

368 1229 462 1310 quod
488 1225 667 1310 Appianus
689 1227 725 1288 Β.
752 1222 823 1289 Cir.
850 1227 877 1288 Ι.
900 1245 955 1306 9ι;
978 1225 1081 1304 hujus
1111 1225 1278 1291 facinoris
1307 1227 1483 1306 auctorem
1505 1231 1649 1292 Brutum
1681 1230 1783 1310 dicit,

367 1321 695 1405 hoctest'imonium
718 1330 757 1393 ia
780 1351 949 1395 consensu
965 1341 1156 1395 ceterorum
1186 1325 1392 1419 scriptorum
1412 1354 1537 1418 parum
1571 1333 1808 1428 auctoritatis

296 1447 300 1455 ·
365 1438 480 1501 babet.
509 1459 632 1528 omnes
646 1433 827 1520 reliquiae
845 1433 932 1499 belli
944 1436 1124 1499 Samnium
1139 1443 1173 1502 et
1190 1441 1342 1506 Galliam
1360 1440 1572 1525 Cisalpinam
1585 1427 1785 1528 intelligere

366 1541 520 1627 videtur,
541 1542 591 1605 ita
611 1542 703 1606 infra
729 1542 768 1603 in
798 1543 891 1603 Orat.
920 1539 1031 1604 Licin.
1053 1543 1139 1603 Mac.
1164 1544 1321 1626 reliquiae
1347 1547 1503 1610 exsulum
1525 1547 1708 1626 dicuntur3
1728 1549 1785 1614 vel

370 1647 620 1725 conjurationis
637 1649 706 1728 Cic.
731 1647 853 1714 Parad.
880 1661 911 1722 4.
939 1666 977 1725 ι;
1006 1645 1158 1728 partium
1176 1649 1315 1711 Sueton.
1335 1652 1416 1712 Caes.
1435 1653 1492 1728 355
1522 1659 1696 1736 arrectae,
1724 1652 1785 1717 cfr.

368 1753 464 1837 virg.
487 1756 572 1820 Aem-
592 1776 619 1819 1.
638 1757 718 1820 583:
738 1753 792 1816 his
811 1753 967 1814 animum
986 1751 1110 1816 arrecti
1124 1751 1236 1817 dictis.
1256 1754 1328 1821 Liv.
1345 1755 1374 1816 8'.
1397 1760 1451 1835 373
1474 1754 1599 1818 arrecti
1617 1756 1726 1820 animi
1740 1761 1785 1822 ad
1838 1737 1842 1743 ¹

367 1843 641 1928 bellandumin
666 1861 783 1922 latere
801 1858 863 1920 cfr.
881 1860 960 1942 Jug.
984 1875 1033 1934 14.
1056 1860 1172 1923 hostes
1188 1860 1230 1920 ab
1249 1859 1373 1944 latere,
1393 1860 1524 1924 similia
1538 1862 1693 1936 suntain
1710 1862 1804 1926 fau-'

370 1962 483 2043 cibus3
504 1985 609 2048 supra
629 1972 745 2049 caput;
767 1963 829 2032 cfr.
846 1966 890 2026 a'd
912 1962 1012 2030 Catil.
1035 1965 1092 2039 523
1116 1965 1169 2028 ad
1187 1960 1353 2052 integros
1377 1975 1555 2032 contactu
1575 1968 1785 2050 procedere.
1818 1991 1819 1996 ¹

370 2069 431 2131 cfr.
446 2069 520 2133 Liv.
542 2090 592 2134 ιι.
621 2073 680 2146 48:
709 2079 802 2133 ratus
827 2089 869 2133 eo
890 2071 1019 2133 scelere
1046 2076 1219 2133 contactos
1243 2060 1341 2135 velut
1357 2055 1484 2150 injecta
1504 2072 1602 2136 rabie
1625 2076 1670 2135 ad
1689 2093 1785 2136 arma

371 2172 496 2247 ituros3
517 2173 566 2235 id.
584 2190 614 2249 4.
635 2178 694 2247 303
721 2175 799 2236 Tac.
816 2173 948 2236 Histor.
966 2191 999 2254 2.
1016 2177 1074 2249 603
1107 2176 1209 2238 Catil.
1235 2197 1282 2240 ιο.
1303 2175 1468 2240 exercitu
1486 2197 1618 2238 rursus
1633 2177 1784 2264 admoto

369 2278 443 2352 ,uti
456 2298 580 2361 nempe
591 2278 722 2341 Marius
738 2279 894 2342 admovit
913 2279 994 2342 urbi
1008 2286 1041 2343 et
1058 2278 1317 2352 nobilissimum
1332 2300 1505 2361 quemque
1520 2279 1612 2342 ferro
1632 2287 1691 2343 aut
1703 2281 1786 2366 fuga
1855 2337 1858 2342 .

371 2382 563 2446 exstinxit.»
596 2385 688 2447 Cort.
707 2383 938 2450 confidentius
963 2384 1069 2448 etiam
1094 2382 1226 2448 Douza:
1245 2389 1348 2458 ,Hoc
1369 2394 1489 2446 contra
1508 2384 1663 2447 historiae
1680 2384 1787 2450 fidem
1821 2449 1822 2454 ,

370 2507 458 2572 esse,
477 2487 596 2553 omnia
612 2498 767 2552 veterum
785 2492 1009 2544 monumenta
1028 2485 1259 2541 consentiunt.
1280 2485 1400 2558 Neque
1423 2481 1518 2540 enim
1533 2483 1685 2563 Lepidus
1706 2497 1807 2562 ante,

368 2603 577 2678 postremam
606 2587 862 2671 expeditionem
890 2586 1009 2670 illam,
1037 2590 1071 2646 et
1099 2602 1255 2668 pugnam
1288 2583 1506 2646 commissam
1538 2605 1617 2649 cum
1644 2591 1784 2680 Catulo,

369 2719 438 2779 qua
463 2697 573 2758 victus
599 2695 732 2754 deserta
754 2691 855 2750 Italia
876 2689 914 2750 in
935 2688 1132 2776 Sardiniam
1157 2687 1301 2773 refugit,
1329 2691 1373 2750 ad
1394 2691 1553 2752 Romana
1569 2694 1710 2759 moenia
1727 2717 1784 2761 ex·

371 2803 516 2866 ercitum
529 2815 682 2878 unquam
703 2793 896 2858 admovisse
917 2791 1065 2876 legitur3
1086 2793 1214 2856 nedum
1229 2802 1268 2855 ut
1281 2795 1404 2858 urbem
1418 2795 1510 2861 ferro
1531 2807 1565 2863 et
1576 2803 1714 2863 flamma
1726 2803 1786 2864 in·

366 2906 526 2970 vaserit.»
544 2904 611 2967 Sed
628 2901 747 2964 omnia
762 2898 953 2964 manifesta.
972 2897 1143 2981 Lepidum
1152 2897 1230 2978 jam
1246 2898 1362 2983 priore
1379 2920 1472 2964 anno
1496 2906 1683 2967 exercitum
1700 2927 1785 2971 con·

370 3022 422 3076 tra
440 3015 563 3074 urbem
586 3007 736 3090 duxisse,
764 3027 867 3090 supra
899 3005 1092 3068 docuimus.
1129 3007 1230 3088 quod
1252 3008 1370 3070 multo
1394 2997 1625 3090 propinaret
1649 3008 1696 3072 ab
1724 3031 1784 3096 eo,

368 3139 441 3200 quo
459 3111 598 3201 agitat,
620 3119 740 3195 statu,
760 3120 851 3175 recte
869 3111 1023 3181 Gortius:
1043 3111 1205 3202 <(facilius
1220 3113 1330 3175 multo
1351 3115 1398 3176 ad
1420 3115 1487 3176 hoc
1507 3113 1692 3178 consilium
1708 3101 1783 3179 labi

368 3229 499 3307 potest,
520 3228 558 3282 ut
575 3220 697 3282 urbem
718 3219 880 3300 invadat,
910 3237 989 3280 cum
1011 3217 1178 3280 exercitus
1198 3217 1255 3280 illi
1276 3218 1321 3279 sit
1345 3219 1384 3278 in
1410 3239 1530 3303 manu,
1553 3241 1657 3302 quam
1680 3221 1787 3288 facile

367 3327 564 3402 videbatur,
586 3346 607 3389 a
629 3324 814 3389 concordia
844 3330 878 3387 et
902 3341 1008 3407 pace,
1034 3322 1216 3404 (quaerat
1235 3322 1274 3386 in
1299 3323 1497 3408 republica,
1517 3333 1699 3408 antequam
1719 3329 1783 3394 Le-

313 3473 318 3481 ·
368 3431 472 3516 pidus
499 3448 594 3494 arma
621 3430 772 3517 caperet)
794 3431 839 3492 ad
866 3447 963 3491 arma
987 3427 1103 3489 civilia
1125 3427 1344 3491 desciscere.»
1364 3429 1492 3491 Omnes
1517 3431 1652 3511 priores
1675 3432 1783 3496 inter-

367 3545 480 3623 pretes
496 3537 701 3624 scripturam
728 3537 929 3599 mendosam
952 3551 1023 3595 esse
1040 3530 1258 3611 judicarunt,
1280 3537 1431 3594 ceterum
1453 3527 1604 3596 invadat
1629 3553 1669 3596 ex
1686 3536 1782 3600 vati-

369 3642 463 3705 canis
477 3642 577 3706 libris
589 3644 842 3706 emendandum
856 3647 915 3702 est.
924 3645 1083 3721 quorum
1096 3635 1249 3700 simulat
1267 3630 1503 3722 injurr'a'Liv.
1514 3639 1563 3698 25.
1581 3642 1636 3700 32:
1657 3636 1710 3702 ibi
1720 3641 1781 3704 Cn.

368 3748 506 3833 scipio,
527 3770 605 3812 cum
624 3748 751 3830 quibus
768 3752 848 3809 ante
865 3746 997 3808 dictum
1016 3751 1082 3825 est,
1102 3741 1213 3826 copiis
1230 3741 1392 3804 substitit.
1408 3742 1531 3826 Dictys
1552 3744 1602 3826 II,
1626 3747 1682 3820 163
1714 3746 1781 3810 cir.

370 3861 584 3929 cumventcs,
617 3839 640 3916 a¹
654 3853 781 3935 quibus
810 3850 956 3924 minime
979 3851 1150 3912 decuerat.
1171 3846 1232 3911 cfr.
1256 3849 1348 3911 Cort.
1366 3849 1411 3910 ad
1436 3847 1509 3912 Cic.
1530 3850 1682 3933 Epp..ad
1701 3850 1780 3918 Div.
1869 3900 1871 3904 .

370 3960 450 4038 5.1,·
474 3962 568 4036 quod
578 3955 793 4020 attractionis
809 3974 934 4042 genus,
955 3955 1084 4018 Graccis
1096 3953 1279 4030 usitatum,
1300 3952 1404 4015 etiam
1422 3956 1514 4036 apud
1536 3954 1676 4020 Latinos
1693 3978 1781 4038 quo·
1881 4003 1883 4008 ,

370 4080 439 4142 que
457 4059 639 4143 scriptores
652 4061 733 4123 satis
756 4061 917 4143 frequens
937 4067 1002 4128 est..
1018 4059 1078 4125 cfr.
1094 4059 1261 4122 Ruddim.
1279 4057 1429 4120 Institut.
1448 4060 1667 4124 Grammatic.
1687 4066 1726 4126 Ι..
1742 4086 1777 4146 p.

372 4165 564 4234 26.v0l.11.
585 4167 704 4254 legum
716 4185 762 4226 ac
778 4163 1016 4228 libertatis-
1027 4165 1085 4228 bic
1096 4164 1242 4250 genitivi
1252 4173 1537 4250 usus-memoratu
1551 4163 1696 4251 dignus,
1714 4167 1778 4254 cfr.

370 4290 492 4355 supra:
510 4289 610 4345 ,cum
626 4269 759 4354 privata
773 4291 869 4333 arma
882 4271 1121 4356 opprimundae
1133 4271 1304 4336 libertatis
1315 4271 1489 4357 cepisset.»
1502 4270 1666 4358 Quamvis
1681 4273 1778 4340 enim

369 4375 409 4440 in
426 4361 626 4443 universum
653 4379 773 4448 eadem
791 4379 894 4459 hujus
918 4380 1062 4465 genitivi
1082 4378 1128 4446 sit
1149 4379 1268 4464 notio,
1286 4399 1366 4464 quas
1377 4378 1601 4466 substantivi,
1622 4400 1701 4474 cum
1713 4381 1792 4446 ad·'
