4230 5348
371 423 441 497 126

366 627 445 684 tum
473 604 720 699 antiquitatis.
751 606 908 686 ,Servius
940 603 1184 704 interpretatur
1210 569 1363 670 amorem
1395 610 1429 670 et
1462 555 1679 709 charitatem3
1712 611 1770 676 uti

364 725 453 790 alibi
471 720 569 788 nihil
582 712 787 820 antiquius,
791 715 929 781 ducere
949 713 1016 776 Sed
1038 721 1129 778 r'ecte
1148 713 1237 776 vidit
1252 715 1305 776 Jo.
1325 715 1379 776 Fr.
1404 713 1554 778 Gronov.
1575 719 1619 779 ad
1640 716 1714 779 Liv.
1739 719 1767 783 I.

364 831 415 894 32.
441 831 584 891 Subesse
604 824 754 905 figuram
769 825 801 872 tv
830 787 885 872 dai
913 794 992 873 (ivm
1013 826 1047 884 et
1068 813 1199 883 dictum
1219 840 1282 904 pro
1302 821 1468 903 antiquae
1475 828 1509 885 et
1528 820 1649 908 primae
1666 842 1767 902 curae3

363 952 442 1000 eunt
458 930 526 993 adi.
532 929 601 988 ⁹0.
622 923 715 1008 Quid
731 894 882 988 baecsibi
896 907 1024 1009 velint,
1044 943 1115 989 non
1130 927 1300 1027 intelligo.
1321 927 1539 993 Substantivo
1555 928 1649 992 enim
1661 927 1766 991 aliam

359 1032 649 1142 significationem
674 1043 777 1112 quain
798 1023 999 1122 adjecti'po
989 1051 1100 1096 inesse
1122 1053 1194 1106 non
1218 1037 1317 1120 poss'e
1341 1054 1404 1120 per
1426 1055 1461 1098 se
1477 1042 1580 1119 patet.
1610 1035 1678 1096 Sed
1693 1035 1766 1098 haec

359 1136 554 1224 communis
579 1137 736 1214 omniurn
762 1133 972 1223 populorum
999 1145 1049 1202 est
1072 1137 1215 1224 opinio,
1236 1141 1366 1224 priscos
1387 1141 1546 1205 homines
1567 1140 1765 1237 probiores,

355 1243 559 1322 sanctiores,
577 1245 801 1308 modestiores
818 1251 852 1307 et
862 1243 1068 1328 frugalrores
1084 1243 1198 1308 fuisse.
1218 1245 1413 1327 Antiquitas
1433 1246 1540 1331 igitur
1555 1265 1673 1310 omnes
1685 1245 1765 1320 illas

189 1346 193 1352 ’
251 1392 253 1396 -
358 1347 502 1416 virtutes
516 1343 775 1434 complectitur,
796 1349 922 1430 quibus
937 1350 1097 1442 antiquos
1115 1350 1275 1430 homines
1294 1350 1491 1415 excelluisse
1506 1353 1683 1434 putabant.
1703 1351 1763 1414 cfr.

357 1456 428 1532 oie.
444 1463 511 1540 pro'
526 1454 668 1548 Plancio
691 1456 739 1516 ιθ.
759 1474 824 1538 pro
842 1455 928 1524 Rab.
947 1456 1038 1518 Post.
1057 1477 1084 1518 o.
1116 1475 1167 1532 ιο.1
1182 1443 1278 1519 Plin.¹
1293 1458 1376 1541 Epp.
1396 1459 1423 1520 ⁵.
1448 1460 1494 1519 15.
1516 1464 1550 1520 et
1569 1453 1762 1538 antiquum

355 1561 495 1646 proprie
519 1560 729 1640 est-antiquo
754 1558 898 1622 ho'm'ine·
925 1559 1086 1646 dignum,
1108 1580 1190 1646 ergo
1212 1570 1388 1644 praestans,
1409 1562 1458 1624 ita
1477 1562 1620 1642 antiqua
1637 1562 1763 1644 virtus,

357 1664 531 1744 officium,
565 1666 672 1742 fides,
708 1664 869 1740 victoria3
898 1664 980 1728 inde
1007 1667 1114 1749 paulo
1152 1667 1290 1731 deflexit
1323 1685 1404 1730 usus
1438 1667 1627 1750 loquendi,
1667 1669 1761 1746 quod

278 1793 284 1800 ·
356 1772 502 1853 antiqua
520 1771 742 1853 dicebantur,
763 1791 838 1850 quae
859 1771 988 1849 majore
1005 1771 1247 1858 veneratione,
1268 1773 1403 1856 studio,
1426 1791 1507 1835 cura
1530 1773 1636 1856 digna
1654 1771 1762 1834 habe-¹

353 1877 497 1961 bantur,
519 1877 568 1938 ita
590 1875 658 1938 Cic.
680 1877 724 1937 ad
746 1878 814 1936 Att.
834 1895 880 1936 ιο.
900 1877 934 1937 8:
956 1873 1213 1958 antiquissimo
1236 1899 1329 1941 eura
1351 1885 1385 1941 et
1403 1876 1492 1940 Phil.
1511 1880 1557 1941 ιδ.
1575 1867 1614 1937 3:
1634 1892 1760 1958 praece·

354 1981 424 2066 pit,
444 2001 489 2044 ne
516 1980 602 2062 quid
623 1981 695 2042 vita
716 1981 908 2059 existimem
931 1983 1107 2064 antiquius
1122 1991 1156 2048 et
1177 1976 1298 2066 saepius
1317 2003 1371 2065 ap.
1391 1983 1482 2049 Liv.:
1510 1979 1608 2044 ιιιῚιίΙ
1627 1974 1759 2066 eisaie

354 2073 554 2167 antiquius.
576 2093 693 2148 nostro
715 2087 822 2171 igitur
841 2088 919 2149 loco
942 2091 1062 2152 eadem
1082 2089 1295 2152 substantivo
1315 2086 1534 2172 significatio,
1552 2093 1585 2147 et
1606 2083 1780 2145 studium-

352 2196 455 2272 atque
478 2188 631 2253 officium
657 2190 818 2274 exprimit
824 2217 835 2268 3
863 2191 989 2254 similis
1011 2195 1072 2256 sed
1103 2213 1174 2256 non
1193 2193 1297 2276 plane
1319 2192 1414 2255 idem
1436 2189 1609 2254 Ciceronis
1631 2196 1680 2251 est
1705 2183 1759 2250 l'o-

353 2291 412 2360 dus
425 2313 528 2380 supra
543 2295 702 2360 laudatus
721 2318 785 2381 pro
805 2297 949 2361 Plancio
970 2300 1016 2360 ιθ.
1037 2299 1163 2381 ,plena
1182 2307 1261 2361 sunt
1282 2294 1395 2380 officii,
1411 2296 1514 2380 plena
1533 2295 1756 2358 observantiae

349 2402 454 2486 plena
473 2401 577 2466 etiam
588 2403 818 2484 antiquitatis3
838 2403 891 2466 ibi
904 2401 1003 2468 ⁴enim
1020 2400 1229 2483 antiquitas
1250 2402 1503 2465 inuniversum
1527 2419 1592 2482 pro
1615 2400 1757 2480 antiqua
1865 2445 1866 2448 ,

351 2509 599 2572 consuetudine
625 2509 772 2591 dictum,
798 2511 858 2570 sed
884 2495 988 2588 quam
1011 2508 1113 2570 laude
1135 2506 1276 2590 dignam
1306 2513 1423 2567 orator
1450 2504 1629 2568 existimat.
1653 2527 1755 2587 quem

349 2607 434 2676 buia
451 2613 493 2680 ir.
516 2612 627 2675 locum
647 2612 816 2699 assignem
840 2613 967 2680 nescio.
987 2612 1102 2696 potuit
1123 2609 1385 2674 commemorari
1404 2609 1442 2672 in
1465 2609 1573 2672 causis
1594 2611 1681 2672 belli
1705 2611 1755 2672 oi·
1812 2615 1816 2624 '

348 2715 429 2778 vilis
447 2717 662 2802 enarrandis,
683 2719 746 2780 ubi
773 2719 845 2797 ejus
866 2718 1030 2799 temporis
1055 2716 1310 2798 perversitatem
1332 2735 1411 2777 oum
1432 2715 1552 2797 priseae
1575 2714 1682 2778 atatis
1699 2714 1758 2776 in-,

346 2822 507 2884 nocentia
530 2825 759 2904 comparabat.
788 2829 887 2898 -34-
906 2825 982 2886 Ηοο
1010 2841 1154 2902 quoque
1178 2823 1222 2881 ad
1242 2809 1376 2882 bellum
1403 2820 1531 2884 sociale
1558 2818 1754 2900 retulerim»,
1844 2899 1852 2910 .

346 2926 441 3004 quod
457 2946 580 3009 parum
598 2946 764 3012 prospere,
778 2935 915 3012 gestum
931 2925 1063 2990 notavit
1078 2925 1254 2987 Salustius.
1289 2927 1388 2987 -35.-
1409 2925 1496 2988 Non
1511 2923 1752 3009 repugnanti·
1776 2907 1782 2922 ’

347 3019 413 3092 bus
439 3031 565 3108 modo,
593 3033 724 3097 sedne
747 3029 877 3096 deditis
898 3032 1039 3112 quidem
1061 3032 1109 3096 A.
1132 3032 1174 3094 B.
1192 3029 1233 3095 C·
1255 3028 1308 3093 Μ.
1337 3027 1392 3091 his
1419 3027 1530 3090 literis
1549 3026 1652 3088 Debr.
1678 3028 1751 3090 haec

345 3133 450 3198 rerba
472 3135 664 3200 substituit:
684 3134 825 3202 atrocis
845 3136 930 3199 belli
951 3130 1333 3200 cludermetuentibur
1354 3141 1388 3198 et
1405 3136 1450 3198 ad
1469 3132 1641 3215 Scipionis
1659 3132 1752 3194 mili·
1814 3175 1820 3194 .

344 3245 396 3302 tes
419 3240 592 3323 pertinere
609 3244 745 3326 statuit,
767 3243 828 3325 qui
848 3243 903 3304 vel
923 3240 1083 3324 precibus
1101 3239 1287 3324 compulsi,
1306 3239 1361 3304 vel
1382 3238 1503 3302 fraude
1523 3239 1657 3304 inducti
1664 3283 1675 3315 ,
1694 3237 1749 3304 rel

326 3341 530 3428 largitione
556 3349 722 3432 corrupti,
753 3349 792 3410 in
819 3348 923 3411 Sullae
951 3357 1067 3430 partes
1090 3346 1300 3409 transierunt
1328 3344 1388 3408 cfr.
1408 3346 1498 3407 Plut.
1520 3345 1617 3407 Sulla
1644 3367 1673 3412 o.
1699 3345 1748 3406 28.
1831 3327 1833 3338 Α

343 3448 489 3533 Appian.
508 3455 551 3514 de
571 3449 674 3516 bellis
695 3452 766 3514 Cir.
792 3454 818 3512 I.
848 3453 897 3514 85.
925 3452 1134 3516 haecomnia
1149 3452 1229 3530 jure
1248 3450 1376 3513 incerta
1393 3448 1536 3526 dixeris,
1557 3452 1617 3512 sed
1636 3449 1676 3512 in
1694 3448 1750 3512 his

342 3552 448 3619 latius
466 3558 631 3643 progredi
650 3577 722 3620 non
740 3557 838 3642 licet,
867 3577 972 3638 quam
996 3565 1035 3619 ut
1064 3555 1262 3640 probabilia
1283 3575 1466 3637 sequamur
1488 3555 1548 3619 cfr.
1579 3553 1672 3617 inira
1697 3572 1746 3632 4².

343 3661 442 3720 -36.-
461 3663 510 3726 In
527 3658 620 3726 silva
639 3659 719 3726 Sila
734 3657 909 3749 fuerunt.
929 3663 1003 3726 soil.
1025 3661 1181 3747 fugitivi,
1208 3682 1275 3766 eos
1286 3663 1379 3726 enim
1395 3661 1583 3748 significari
1609 3661 1747 3724 nullum

343 3771 395 3826 est
412 3742 569 3834 dubium.
589 3770 789 3852 Spartacum
807 3767 902 3832 enim
924 3767 963 3829 in
980 3766 1167 3829 Lucaniam
1193 3785 1228 3829 se
1246 3767 1414 3851 recepisse
1436 3787 1538 3851 supra
1554 3766 1746 3834 docuimus.

344 3866 404 3930 cfr.
394 3888 568 3953 .suprap.
588 3877 643 3952 293
667 3877 710 3936 de
733 3873 819 3935 silva
844 3873 917 3935 Sila
940 3871 1003 3935 cfr.
1021 3873 1188 3936 Mannert.
1208 3873 1401 3963 Geograpb.
1420 3873 1539 3937 Italiae.
1560 3874 1604 3935 ΙΙ.
1624 3896 1659 3957 p.
1678 3875 1746 3992 198.

339 3985 443 4046 4ι.-
424 3973 538 4058 -Hoc
561 3978 605 4037 ad
629 3977 796 4041 Sardiniae
821 3977 1086 4061 descriptionem
1105 3985 1252 4076 spectat,
1283 3976 1412 4064 quippe
1434 3978 1529 4056 cujus
1553 3979 1674 4043 insulae
1698 3978 1746 4040 si·

341 4079 416 4136 tum
434 4093 454 4134 a
472 4050 621 4140 Salustio
640 4080 849 4144 illustratum
866 4082 985 4166 luisse,
1011 4101 1113 4165 supra
1132 4065 1321 4146 docuimus.
1341 4084 1439 4156 ·.·43
1423 4085 1535 4150 -Hoc
1549 4103 1628 4149 cum
1652 4082 1745 4166 frag·

341 4182 509 4245 mento&
529 4191 610 4262 et9.
625 4185 709 4247 libri
730 4186 1072 4272 primijungondum
1099 4200 1173 4262 4-4
1195 4186 1249 4248 Μ.
1266 4182 1418 4250 Atilius.
1441 4188 1501 4253 cfr.
1517 4211 1670 4274 suprap
1694 4209 1743 4269 ²7·

342 4293 377 4351 et
393 4289 442 4350 28.
463 4289 561 4364 -45.-
579 4289 627 4357 De
645 4290 846 4356 Mithridate
864 4295 919 4357 vel
939 4292 1088 4376 Tigrane
1114 4291 1181 4354 hoc
1201 4289 1272 4354 dici
1291 4293 1405 4377 potuit
1428 4291 1487 4356 cfr.
1503 4296 1593 4358 Plut.
1607 4294 1740 4360 Lucull.
