4282 5390
457 459 482 532 8

529 649 597 713 Tot
614 647 767 722 victoriis
793 650 901 715 elatus
931 646 1102 713 Sertorius
1125 667 1167 714 eo
1197 651 1346 716 audacie
1370 651 1556 736 processit,
1577 657 1617 714 ut
1639 655 1865 743 cRomanis,
1962 721 1964 728 ,

448 754 509 837 qui
533 755 603 833 ejus
626 765 740 840 partes
758 756 1007 836 sequebantur,
1027 757 1170 840 electos,
1191 765 1346 819 senatum
1359 759 1556 820 Romanum
1570 758 1779 844 appellaret,
1803 785 1864 828 ne·

448 881 517 942 que
537 883 602 945 pro
625 863 724 926 exule
749 861 810 922 sed
835 859 985 942 publicae
1014 860 1185 929 libertatis
1209 860 1358 924 vindice'
1374 868 1496 946 ageret.
1533 847 1628 934 Plsut.
1651 864 1778 934 sertor.
1806 873 1866 948 ²35

446 965 592 1050 Appiam
609 966 693 1028 Bell.
722 963 794 1026 civ.
822 963 942 1028 r.108.

517 1072 616 1165 ,Dum
634 1071 707 1134 haec
721 1069 760 1131 iu
781 1068 948 1152 Hispania
969 1075 1145 1154 geruntur,
1163 1070 1199 1132 P.
1215 1069 1390 1152 Servilius,
1403 1089 1468 1154 prc
1486 1071 1627 1136 consula
1647 1072 1688 1134 in
1703 1053 1864 1143 Ciliciam

447 1179 586 1259 missus,
614 1195 695 1236 cum
716 1174 810 1236 leves
831 1182 865 1238 et
891 1173 1028 1259 fugaces
1050 1174 1241 1257 piratarum
1267 1175 1444 1238 naviculas
1464 1196 1534 1239 non
1556 1181 1734 1240 incruenta
1752 1179 1862 1242 victo

354 1325 356 1330 -
445 1279 499 1344 ria
516 1284 722 1362 superasset,
742 1282 828 1339 mari
850 1297 909 1341 eos
931 1277 1140 1370 submovisse
1167 1301 1240 1348 non
1260 1281 1490 1365 contentus,
1478 1303 1517 1344 ru
1537 1290 1664 1346 terram
1690 1283 1843 1347 escendit
1854 1259 1912 1392 ,¹

445 1392 480 1454 et
494 1383 646 1446 triennio
667 1383 893 1452 validissimas
906 1365 1010 1456 urbes
1027 1393 1061 1449 et
1080 1385 1216 1450 diutina
1226 1389 1342 1468 praeda
1359 1389 1584 1470 abundantes,
1604 1389 1779 1474 Phaselin,
1793 1351 1865 1453 (lo-
1945 1409 1952 1422 ·

442 1510 566 1576 rycum
591 1497 625 1552 et
649 1491 835 1576 Olympum
854 1491 995 1566 evertit,
1015 1492 1255 1586 Isauronque
1245 1511 1356 1589 ipsam
1376 1511 1490 1558 arcem
1512 1493 1644 1558 Ciliciae
1671 1493 1773 1624 cepit.
1799 1491 1860 1566 cfr.

444 1595 536 1672 Flor.¹
556 1598 586 1657 3.
606 1599 636 1659 6.
657 1600 724 1660 Liv.
748 1595 1026 1680 Epit.xc111.⁶)

524 1702 653 1762 Eodem
682 1713 774 1764 anno
801 1701 1039 1777 Mithridates,
1071 1721 1149 1782 qum
1170 1701 1274 1766 Sullae
1301 1707 1336 1766 et
1362 1709 1498 1766 senatus
1515 1700 1613 1779 jussu
1637 1651 1890 1784 Cappadocia.

445 1804 614 1894 cessisset,
634 1807 765 1896 legatos
792 1810 907 1882 denuo
928 1809 1074 1880 Romam
1101 1806 1197 1888 misit
1219 1811 1264 1871 ad
1290 1807 1428 1880 foederis
1450 1807 1544 1906 leges
1565 1806 1773 1884 scribendas.
1795 1809 1863 1882 Sed

450 2030 986 2060 m

442 2152 521 2194 cum
534 2137 826 2212 magnamilitum
843 2159 946 2199 manu
965 2140 1011 2203 ad
1029 2137 1310 2204 frumentandum
1331 2140 1492 2221 emissus,
1512 2156 1574 2221 per
1590 2136 1730 2202 insidias
1749 2155 1770 2196 a
1782 2136 1859 2202 Ser.

395 2281 399 2288 .
441 2233 534 2302 torio
555 2255 747 2319 oppressus,
769 2259 848 2298 cum
875 2242 998 2319 paucis
1012 2239 1148 2318 effirgit.
1167 2243 1572 2312 llndefacmmeffiut
1589 2238 1696 2320 paulo
1720 2246 1796 2318 post
1822 2244 1856 2299 et

435 2339 596 2422 reliquus
618 2339 784 2404 exercitus
801 2341 981 2406 Lusitania
1005 2341 1169 2403 excedere
1192 2333 1381 2421 cogeretur.
1401 2339 1485 2422 Quae
1505 2337 1648 2417 quidem
1663 2340 1856 2408 omniathoc

440 2463 534 2507 auno
561 2457 697 2527 peracta
718 2461 808 2524 esse,
838 2441 955 2502 Livius
983 2441 1040 2504 his
1059 2444 1171 2505 verbis
1202 2440 1398 2524 significare
1424 2441 1571 2504 videtur.
1599 2445 1662 2527 «Ω.
1687 2444 1854 2508 Sertorius
1887 2459 1892 2464 “

345 2563 347 2571 ·
440 2549 655 2642 proscriptus
668 2547 707 2608 in
722 2546 887 2612 ulteriore
897 2545 1066 2630 Hispania
1089 2545 1213 2629 ingens
1230 2544 1365 2609 bellum
1379 2544 1544 2608 excitavit.
1566 2549 1604 2608 L.
1618 2548 1857 2633 Manliusproa
1903 2561 1918 2592 Τ

443 2654 614 2717 consulet
634 2657 681 2716 M.
704 2651 875 2716 Domitius
899 2653 1032 2736 legatus
1057 2652 1100 2713 ab
1117 2649 1291 2728 Hirtulejo
1311 2657 1480 2731 quaestore
1498 2651 1625 2734 praelio·
1645 2652 1725 2713 victi
1748 2661 1858 2716 sum.»
1902 2665 1906 2670 ·
1958 2720 1962 2726 θ

442 2756 592 2846 Reliqua
613 2759 754 2839 quidem
775 2777 848 2820 non
863 2764 1124 2836 commemorat,
1145 2764 1265 2839 utpote
1286 2755 1438 2831 leviora,
1468 2773 1568 2837 quam·
1590 2778 1665 2838 quae
1696 2757 1734 2819 in
1760 2757 1860 2822 brevi

441 2872 641 2950 argumento
660 2863 766 2925 fusius
785 2869 1045 2941 cremarentur,
1065 2863 1125 2925 sed
1145 2861 1298 2944 quamvis
1319 2862 1549 2926 Plutarchus
1539 2885 1576 2924 rn
1600 2883 1717 2934 rerum
1736 2855 1860 2928 ordine

440 2990 553 3062 parum
572 2969 617 3031 sit
633 2968 798 3053 diligens,
822 2977 954 3048 tamen,
972 2990 1046 3032 cum
1062 2969 1132 3032 haec
1143 2979 1222 3031 ante
1237 2967 1393 3050 Pompeji
1410 2969 1596 3032 adventum
1611 2980 1644 3029 et
1660 2966 1765 3028 initio
1782 2965 1860 3046 qui-
1873 3045 1874 3048 Ἴ

442 3077 523 3136 dem
536 3073 624 3136 belli
646 3083 740 3158 gesta
757 3093 829 3138 esse
846 3073 1022 3147 adfirmet,
1043 3077 1117 3140 haec
1139 3077 1263 3138 eodem
1283 3082 1434 3155 tempore
1448 3073 1638 3137 Sertorium
1654 3053 1772 3134 ccntra
1786 3073 1858 3134 Me

440 3179 565 3243 tellum
583 3179 723 3264 gessisse
744 3187 875 3264 statuo,
895 3200 962 3262 quo
985 3182 1054 3243 duo
1074 3179 1274 3244 Consulares
1298 3181 1479 3264 exercitus,
1502 3179 1535 3241 ei
1550 3177 1688 3240 auxilio
1710 3178 1857 3260 missi,s

441 3261 586 3348 Sertorii
598 3285 721 3370 legatis
736 3284 860 3366 proelio
877 3285 1031 3368 superati
1050 3293 1139 3347 sunt.
1160 3287 1315 3369 Accedit,
1335 3288 1430 3367 quod
1443 3291 1606 3367 praeterea
1620 3282 1711 3345 nihil
1727 3283 1768 3345 de
1785 3284 1858 3344 Me-

441 3389 520 3453 telli
535 3390 637 3452 rebus
653 3391 719 3452 hoc
740 3409 832 3452 anno
852 3389 955 3476 gestis
973 3398 1121 3475 constat,
1141 3391 1211 3454 nisi
1235 3393 1327 3473 quod
1344 3389 1528 3470 Eutropius
1547 3395 1667 3502 auctor
1690 3394 1759 3450 est.
1782 3387 1857 3450 Me.-

440 3493 566 3556 lellum
583 3493 678 3557 vario
697 3501 821 3558 eventu
839 3501 957 3559 contra
974 3494 1167 3558 Sertorium
1188 3495 1379 3558 dimicasse.

523 3597 665 3680 ⁶)Haec
688 3619 827 3681 quoque
849 3599 1023 3683 expeditio
1055 3609 1107 3664 tot
1131 3600 1302 3681 tantisque
1331 3594 1483 3660 tenebris
1517 3595 1697 3657 obscurata
1720 3602 1787 3673 est,
1815 3604 1855 3658 ut

442 3701 561 3764 omnia
572 3702 741 3786 illustrari
760 3704 815 3768 vix
828 3710 969 3788 possint.
989 3705 1210 3790 Quodigitur
1231 3701 1435 3770 Debrossius
1448 3699 1602 3784 primum
1618 3702 1853 3766 escensionem

441 3804 480 3868 in
509 3795 674 3871 Rhodum
702 3811 853 3872 insulam
871 3811 1018 3886 factam,
1036 3809 1157 3890 ibique
1182 3809 1299 3892 plures
1327 3825 1430 3869 naves
1457 3813 1571 3888 captas
1597 3807 1730 3890 statuit,
1752 3807 1790 3870 id
1813 3819 1854 3873 ex

441 3908 569 3990 quibus
591 3910 705 3972 Suidae
729 3910 845 3972 verbis
879 3911 1076 3995 collegerit,
1111 3910 1226 3974 nescio
1252 3911 1313 3974 cfr.
1343 3911 1432 3973 Hist.
1461 3911 1561 3994 Reip.
1590 3914 1687 3977 Rom.
1719 3913 1795 3978 Vol.
1825 3906 1853 3974 l.

440 4005 477 4097 p.
496 4013 565 4076 551.
587 4014 685 4075 Oros.
699 4012 786 4077 Hist.
807 4017 847 4084 V.
872 4021 922 4080 23.
944 4019 987 4078 de
1008 4017 1076 4076 hoc
1093 4017 1188 4076 bello
1201 4016 1250 4077 ita
1268 4015 1423 4098 exponit:
1444 4017 1502 4090 <<Ρ.
1516 4035 1597 4080 vero
1610 4015 1790 4098 Servilius,
1813 4035 1853 4080 ex

441 4117 598 4201 consule,
624 4117 783 4180 Ciliciam
814 4127 849 4183 et
870 4118 1112 4202 Pamphyliam
1140 4119 1376 4186 crudelissime
1404 4126 1562 4200 adortus,
1594 4126 1677 4186 dum
1706 4124 1852 4188 subdere

441 4223 572 4298 studet,
593 4243 691 4305 pane
712 4223 849 4287 delevit.
876 4223 1020 4308 Lyciam
1042 4231 1076 4288 et
1096 4224 1199 4289 urbes
1218 4226 1370 4292 obsessas
1391 4209 1620 4314 oppiesasque
1638 4227 1739 4314 cepit.
1761 4229 1852 4292 Praer

440 4333 534 4398 terea
546 4329 745 4414 ,Olympum
773 4335 928 4397 montem
948 4335 1168 4414 pervagatus,
1188 4331 1362 4404 Phaselim
1384 4335 1522 4420 evertit,
1540 4337 1712 4420 Corycum
1725 4331 1851 4414 diruit,
