4334 5354
1632 439 1700 518 351

293 639 357 700 vius
376 642 466 696 est-
449 633 529 694 -in
549 637 710 713 majora
743 650 777 694 ex
797 631 883 699 rebus
902 631 1025 696 bonis-
1050 637 1170 716 ignaros
1190 635 1304 700 cives·-
1283 645 1418 696 ···nra
1405 663 1416 700 ι
1437 637 1617 697 memoria·
1645 656 1706 700 esse

292 752 411 806 necatos
432 739 589 822 agebant·
609 741 684 800 alios
705 739 879 820 ejusmodi·
898 738 998 800 sillo-
979 750 1165 821 ·postrcmo
1186 759 1269 803 vos·
1289 745 1380 821 paulo
1400 752 1494 823 post·
1476 752 1564 848 -aut
1584 741 1704 806 hostis-

291 847 548 932 excquebantur-
532 847 812 908 -condemnatis-
795 847 978 928 -dapnatis

376 955 442 1017 Cat.
464 955 513 1022 52.
553 973 726 1035 persequere
745 971 811 1033 sup.
831 953 888 1014 lin.
909 974 962 1013 a·
985 952 1094 1031 juditia
1113 956 1286 1035 inploret·
1267 955 1505 1018 -inmortulis-
1524 955 1580 1014 ista
1601 961 1705 1034 cujus·

294 1061 414 1144 cqmodi
433 1073 541 1123 sunt·
570 1062 746 1120 mortales-
773 1059 891 1120 alterius
912 1057 1079 1118 lubidini·
1061 1061 1355 1144 ·neglcgentiam-
1337 1059 1549 1120 -bonisne-
1567 1060 1618 1120 sed
1639 1059 1701 1120 haec

293 1174 377 1245 cujus
396 1201 412 1213 -
431 1186 499 1230 vera
518 1187 583 1228 voc.
604 1167 689 1224 umis.
709 1184 765 1225 rer.
786 1185 873 1244 -ea,
895 1183 953 1244 que
974 1167 1036 1224 -si
1056 1167 1090 1248 in
1109 1201 1125 1212 -
1144 1171 1170 1228 si
1190 1164 1409 1248 paulummodo
1429 1169 1554 1248 -copia
1576 1164 1663 1226 nobis
1685 1197 1703 1214 ·

293 1271 332 1330 ad
352 1271 465 1332 bellum
487 1281 637 1332 arcessunt
656 1303 672 1316 ·
692 1291 761 1330 cum
784 1271 910 1332 exercitu
930 1289 1019 1352 supra
1038 1283 1128 1353 caput
1149 1284 1201 1334 est.
1220 1305 1239 1320 -
1259 1276 1347 1332 etiam
1369 1291 1452 1331 nunc
1473 1282 1502 1330 et
1522 1271 1665 1338 dubitatis
1686 1303 1703 1316 -

291 1377 503 1438 misereremini
518 1399 559 1438 m.
573 1392 618 1458 pr.
642 1375 704 1455 (sed
724 1375 830 1457 syllnb.
850 1396 883 1436 re
902 1378 1058 1450 erasumi-
1078 1389 1258 1441 convertat·
1277 1400 1353 1460 sape
1373 1381 1407 1437 in
1429 1378 1564 1436 maximis
1584 1378 1705 1457 pericu-

292 1481 329 1539 lis
351 1482 383 1558 (u
402 1503 470 1563 sup.
491 1482 559 1558 lin.)
573 1513 592 1528 -
611 1480 751 1541 socordiae
770 1492 798 1542 te
819 1492 908 1566 atque
963 1489 1163 1568 nequicquam
1184 1517 1202 1534 ·
1221 1484 1301 1544 adol.
1321 1515 1340 1530 -
1366 1494 1460 1546 cetera
1480 1485 1541 1544 vita
1561 1515 1580 1530 ·
1599 1486 1624 1543 si
1647 1483 1705 1540 diis

292 1597 344 1644 aut
363 1617 381 1634 ·
401 1586 603 1648 adolescentia
622 1621 640 1635 ·
660 1586 707 1670 q'rir
730 1592 833 1649 omniu
852 1588 943 1656 verba
962 1593 1154 1652 contemnitis
1170 1623 1189 1638 ·
1208 1593 1314 1676 censeo
1335 1609 1415 1670 ego·
1435 1586 1540 1670 hiique
1561 1588 1704 1648 indicio-

291 1693 432 1753 volturcii
454 1695 487 1752 in
510 1693 579 1757 ciuis
599 1717 615 1755 ι
635 1715 701 1776 sup.
723 1695 778 1752 lin.
805 1738 807 1743 ,

290 1933 380 2000 Cod.
397 1939 489 1998 6086.
493 1931 630 2022 forma
645 1934 774 2014 quadr.
786 1927 920 1996 minor.
935 1931 1105 2018 Pergam.
1115 1931 1201 1994 Soec·
1216 1929 1312 2002 XII.
1323 1932 1384 1993 vel
1392 1931 1508 1996 XIII.
1521 1926 1602 1996 init.
1614 1928 1705 1995 liber

371 2039 558 2124 eleganter
577 2033 749 2118 scriptus.
773 2031 897 2120 influe
916 2053 1092 2108 mancum
1112 2030 1244 2096 desinit
1265 2031 1304 2094 in
1325 2053 1403 2116 cap.
1428 2054 1496 2113 1⁰9·
1516 2034 1609 2121 Jug.

371 2199 435 2266 Cat.
457 2220 483 2266 c.
507 2199 555 2260 51.
577 2198 653 2260 Oms
673 2197 745 2259 hoie
765 2232 783 2246 -
804 2198 889 2258 decet
908 2219 968 2258 esse
988 2195 1134 2258 -haut-
1154 2197 1317 2258 effitiunt·
1334 2197 1522 2257 memorandi
1543 2220 1574 2279 q.
1592 2201 1702 2279 populi

289 2317 379 2388 atque
399 2325 505 2387 reges-
526 2305 643 2385 injuria
663 2325 777 2366 oausa-
790 2304 1230 2386 curtaginenses.repperitur-
1242 2301 1379 2385 approbo
1394 2335 1412 2348 ·
1432 2304 1537 2364 domos
1558 2305 1703 2382 spoliari-

290 2414 428 2492 cuiquam
449 2410 609 2470 hominum
630 2448 646 2459 -
666 2413 758 2476 vitam
780 2423 873 2494 agunt
886 2445 904 2459 ·
923 2413 965 2472 ita
986 2413 1116 2478 maxima
1136 2412 1257 2472 fortuna
1276 2442 1295 2457 -
1315 2411 1444 2470 minores
1464 2390 1612 2471 cruciatus
1632 2433 1702 2470 om-

290 2536 342 2576 nes
363 2536 454 2597 quam
477 2517 611 2579 facinora
630 2519 753 2578 illorum
776 2537 835 2578 esse
855 2551 874 2566 ·
899 2521 994 2580 sevior
1014 2519 1073 2578 fuit
1092 2551 1108 2563 -
1134 2515 1173 2579 D.
1194 2519 1336 2578 silianum
1357 2549 1376 2564 ·
1396 2538 1464 2578 eum
1486 2521 1664 2595 presertim,
1685 2550 1704 2565 -

289 2624 426 2703 ultraque
447 2642 522 2683 cunc
542 2656 560 2670 -
589 2632 640 2683 aut
658 2624 724 2683 aiiae
745 2626 821 2707 leges
842 2628 914 2684 item
936 2621 1166 2706 condempnatis
1184 2658 1200 2670 ·
1229 2625 1351 2684 exilium
1373 2657 1391 2672 -
1411 2625 1503 2686 levius
1523 2635 1569 2684 est
1588 2656 1606 2673 ·
1628 2621 1702 2705 quid

288 2729 430 2789 conuenit
448 2761 466 2774 -
485 2728 564 2789 decr.
585 2740 648 2789 erat
660 2761 679 2776 -
699 2749 733 2788 ex
754 2713 815 2792 rei).
837 2729 925 2789 bonis
946 2740 1011 2788 orta
1032 2761 1048 2772 -
1067 2727 1107 2783 ad
1126 2729 1244 2806 ignaros
1266 2728 1343 2786 cives
1356 2757 1375 2772 ·
1394 2726 1625 2808 indempnatum
1647 2749 1703 2789 no-

288 2850 352 2890 cere
374 2862 391 2876 -
410 2834 555 2908 paulatim
578 2862 597 2876 -
618 2828 792 2888 lubidinoso
811 2862 827 2873 -
840 2809 944 2910 ‘gravis
964 2862 981 2874 -
1000 2829 1067 2906 quis
1088 2848 1152 2886 non
1172 2828 1256 2885 laud.
1276 2860 1296 2874 -
1315 2829 1517 2888 sedicionibus
1537 2861 1557 2876 -
1576 2843 1628 2890 aut
1648 2832 1703 2893 tlo-

287 2957 371 2995 mum
393 2946 444 2994 aut
463 2938 567 2999 villam
582 2965 600 2978 -
620 2943 772 3011 postremo
793 2941 844 2986 aut
864 2949 913 2988 vas
926 2961 944 2974 ·
964 2930 1010 2986 uti
1030 2929 1055 2986 is
1068 2959 1084 2972 ·
1104 2929 1195 3005 paulo
1215 2938 1285 3005 post
1303 2959 1322 2973 -
1341 2929 1504 3009 jugulandi
1519 2935 1589 2993 finis
1608 2936 1701 3016 ¹suit-

284 3042 358 3120 splla
377 3069 397 3085 -
415 3055 512 3115 noque
532 3053 666 3113 unqriam
687 3065 704 3078 -
723 3036 818 3092 hostes
837 3061 856 3076 ·
875 3031 959 3089 domi
978 3028 1196 3109 exequebantur
1215 3061 1233 3078 ·
1253 3029 1433 3114 dampnatis.
1523 3020 1526 3028 ¹

296 3215 300 3224 ὁ
368 3141 435 3200 Cat.
458 3141 507 3198 52.
528 3144 734 3217 cujuscunque
754 3133 837 3193 modi
857 3143 946 3208 sunt,
965 3164 984 3179 -
1001 3154 1075 3226 ‘non
1097 3133 1133 3194 de
1154 3138 1237 3198 socio
1258 3167 1276 3184 -
1296 3141 1513 3222 neglegentiam
1526 3187 1543 3206 .
1565 3145 1617 3205 sed
1636 3145 1699 3209 haec

287 3253 493 3325 cujuscunque
511 3276 530 3292 -
550 3243 650 3302 futura
669 3249 750 3300 sunt.
769 3269 788 3286 -
808 3258 846 3298 ne
866 3239 913 3296 illi
934 3240 1139 3321 sanguinem·
1158 3244 1250 3322 paulo
1270 3253 1339 3303 ante
1359 3276 1379 3291 -
1398 3247 1529 3308 minores
1549 3262 1653 3312 sunt·-
1673 3257 1699 3314 si

271 3341 320 3410 =iu
340 3361 425 3412 tanto
445 3382 464 3398 ·
482 3349 599 3410 statutis
618 3380 632 3394 ·
655 3347 815 3428 paululum
837 3342 929 3404 modo
942 3376 961 3391 -
980 3346 1066 3426 eopia
1086 3347 1175 3406 nohis
1195 3380 1213 3394 ·
1234 3347 1273 3410 ad
1294 3347 1407 3412 bellum
1428 3364 1578 3415 arcessunt
1591 3388 1610 3403 -
1630 3379 1698 3418 cum

288 3457 416 3516 exercitu
442 3475 531 3537 supra
557 3465 649 3536 caput
675 3463 718 3514 est
737 3485 755 3500 ·
775 3452 864 3511 etiam
886 3469 968 3510 nuno
996 3461 1026 3511 et
1046 3451 1188 3512 dubitatis
1208 3485 1227 3500 -
1260 3465 1350 3535 atque
1377 3462 1498 3518 armatis
1518 3460 1700 3523 dimittatis-

287 3560 485 3623 mansuetudo
505 3559 590 3624 vobis
611 3591 630 3610 ·
647 3559 850 3622 convertatis·
869 3557 1004 3620 vidilicet
1024 3557 1070 3622 dis
1091 3560 1173 3622 im.»
1193 3562 1296 3621 omnia
1316 3580 1437 3642 propera
1458 3564 1569 3630 cedunt
1581 3597 1597 3612 ·
1618 3577 1698 3628 cete-

251 3647 257 3668 ‘
286 3688 319 3760 ra
338 3669 438 3728 vita·
457 3671 583 3728 aiterum
604 3674 666 3748 jam
686 3666 820 3749 putria·-
840 3667 1080 3772 contempnitis·
1100 3668 1144 3728 ita
1163 3685 1268 3728 conseo
1288 3687 1374 3752 ego·
1393 3667 1493 3751 hyque
1512 3669 1625 3732 indicio
1648 3675 1697 3735 titi

287 3776 436 3836 volturcii.

366 3881 439 3964 ing.
461 3900 488 3940 c.
510 3878 560 3940 85.
600 3897 664 3940 non
685 3878 841 3940 eisdem-
876 3876 1026 3940 dehinc·
1058 3899 1118 3961 quo
1138 3881 1233 3961 pluris
1254 3891 1335 3942 est·
1365 3882 1522 3964 negocii
1503 3883 1585 3941 -in
1606 3883 1694 3950 ltu.

286 3988 491 4070 procedunt·
471 3985 647 4046 ·irustrati
668 3987 766 4047 sint·
793 3984 959 4046 obtumis·
988 3987 1069 4046 sacti
1079 3998 1150 4047 sunt
1168 4006 1289 4072 oons-
1270 3999 1533 4069 -contepnuntv
1563 3992 1694 4052 obtimos

287 4097 426 4156 noluisse.
439 4127 457 4146 -
471 4091 555 4176 queri
569 4095 661 4174 possit
678 4094 730 4171 (ita
744 4092 857 4176 ubique
868 4095 900 4153 ιιι
912 4091 1051 4154 omnibus
1068 4093 1178 4173 Codd.)
1190 4128 1206 4141 -
1220 4069 1329 4156 iacient
1341 4127 1360 4142 ·
1379 4096 1470 4176 coepit
1480 4093 1577 4176 (quod
1592 4099 1695 4170 rarius,

287 4221 357 4260 nam
374 4203 461 4262 etiam
475 4200 552 4282 oepit
568 4211 598 4262 et
609 4198 696 4280 caepit
706 4203 797 4282 vulgo
812 4202 977 4279 mutantur)
994 4233 1011 4250 -
1027 4211 1212 4283 contepnant
1225 4233 1244 4249 -
1256 4203 1323 4260 salsi
1336 4202 1399 4262 sint
1411 4235 1426 4250 -
1445 4203 1568 4284 ignaria
1581 4206 1693 4262 volun·

287 4313 375 4364 tatem
390 4340 409 4353 -
428 4310 488 4369 vita
509 4327 611 4368 eorum
623 4339 641 4354 -
662 4317 762 4366 tamen
784 4315 827 4367 est
840 4341 856 4354 ··
875 4305 996 4387 hujusce
1017 4329 1083 4391 ego.
1098 4341 1117 4358 -
1137 4307 1259 4369 meimet
1279 4309 1356 4376 iacta
1369 4339 1389 4356 -
1401 4317 1541 4390 arrogant
1553 4339 1572 4354 -
1588 4307 1693 4366 iacun*
