4334 5354
550 1108 609 1176 DE
629 1107 934 1178 PROPRIETATE
953 1110 1172 1180 SERMONIS
1192 1111 1460 1179 SALUSTIANI.
1501 1146 1503 1154 s

390 1315 474 1376 ilum
492 1332 603 1396 neque
625 1331 679 1376 ars
701 1312 836 1388 critica,
857 1333 932 1396 quae
951 1313 1094 1399 dicitur,
1110 1315 1176 1380 rite
1196 1318 1360 1396 exerceri,
1380 1334 1493 1400 neque
1510 1318 1609 1379 docta
1627 1329 1706 1378 ver·

281 1451 284 1460 ,
309 1417 433 1480 horum
458 1417 771 1500 sententiarumque
801 1417 1035 1502 interpretatio
1061 1420 1163 1486 facile
1182 1422 1320 1486 institui
1339 1424 1462 1507 possit,
1485 1441 1556 1484 non
1578 1417 1707 1484 exami-

308 1531 388 1583 nato
411 1521 602 1604 scriptoris,
623 1541 726 1601 quem
753 1530 890 1605 tractes,
908 1523 1048 1587 dicendi
1071 1515 1221 1612 genere,
1234 1523 1275 1590 iu¹
1291 1528 1361 1592 fine
1381 1524 1708 1592 commentariorum

309 1623 456 1703 adjicere
484 1626 629 1708 placuit,
657 1646 735 1708 quae
762 1629 806 1689 ad
835 1628 1033 1694 Salustianae
1059 1630 1264 1695 elocutionis
1286 1632 1456 1697 rationem
1487 1631 1709 1714 aperiendam

307 1729 492 1810 plurimum
516 1729 605 1793 mihi
627 1730 738 1794 facere
752 1731 968 1796 ridebantur.
1009 1733 1118 1796 Multa
1137 1735 1211 1813 jam
1228 1735 1354 1817 passim
1378 1741 1493 1798 notata
1513 1742 1616 1814 atque
1632 1729 1710 1794 ani-

308 1823 504 1917 inadversa,¹
522 1818 598 1914 quar
626 1843 725 1898 aucta
747 1842 849 1916 atque
873 1837 914 1896 in
941 1856 1013 1896 uno
1039 1845 1222 1917 conspectu
1241 1838 1365 1917 posita.
1382 1859 1447 1918 pro
1460 1856 1591 1899 ¹norma
1610 1835 1711 1914 quasi

238 2006 241 2016 .
307 1937 431 2002 haberi
451 1939 573 2014 velim,
594 1941 639 2000 ad
662 1957 766 2018 qnam
789 1943 823 1997 et
847 1935 1044 1998 criticorum
1067 1947 1107 2008 ,et
1128 1941 1352 2020 interpretum
1371 1937 1504 2016 judicia
1527 1938 1710 2022 dirigenda

309 2059 380 2104 esse
401 2040 602 2104 existimem.
643 2041 709 2101 Sed
724 2040 908 2103 innumera
924 2047 1022 2122 sunt,
1040 2060 1115 2120 qua
1136 2040 1238 2103 varia·
1249 2041 1424 2124 scripturae
1441 2059 1566 2124 genera
1584 2039 1710 2101 consti-

309 2151 427 2220 tuunt;
455 2162 572 2223 neque·
593 2144 710 2206 omnia
727 2142 1085 2226 ‘complecti'animus
1115 2144 1191 2213 fuit.
1235 2131 1379 2209 Omissis
1402 2144 1525 2230 igitur,
1562 2163 1638 2226 quae
1669 2162 1710 2208 ex

310 2250 487 2314 rhetorum
517 2247 646 2332 regulis
670 2250 884 2331 penduntur,
903 2247 941 2310 id
962 2248 1174 2330 potissimum
1200 2269 1315 2336 mm,
1350 2259 1388 2312 ut
1410 2269 1487 2330 quae
1510 2249 1711 2334 grammati·

310 2371 430 2416 corum
458 2350 634 2434 praeceptis
656 2351 712 2414 rel
738 2350 951 2412 illustrandis
977 2351 1032 2413 vel
1058 2350 1274 2414 infirmandis
1294 2353 1497 2436 inserviant,
1526 2353 1716 2437 diligenter·

312 2456 513 2522 examinem.
531 2459 597 2520 ‚Ac
615 2455 766 2540 primum
785 2454 926 2536 quidem
939 2463 1034 2538 ,recte
1050 2455 1224 2520 scribendi
1244 2457 1422 2521 scientiam
1440 2458 1710 2562 (599079492‘030

311 2566 406 2643 qnod
423 2561 559 2643 attinet,
579 2562 726 2625 multum
739 2560 923 2626 Salustium
944 2581 964 2624 a
980 2560 1118 2646 vulgari
1132 2560 1304 2624 scribendi
1323 2582 1448 2648 genere
1466 2564 1657 2645 recessisse,
1678 2563 1711 2626 el

311 2666 378 2730 viri
397 2666 586 2732 doctissimi
609 2665 824 2750 judicarunt,
854 2674 886 2729 et
905 2664 1028 2749 optimi
1053 2664 1218 2744 cujusque
1239 2663 1367 2728 codicis
1394 2666 1592 2730 testimonia
1620 2685 1712 2730 com·

311 2771 469 2854 probant.
510 2770 681 2836 Dictionis
704 2771 798 2836 enim
818 2770 1022 2851 antiquitas,
1043 2787 1148 2849 quam
1178 2769 1221 2830 ab
1255 2787 1295 2832 eo
1321 2762 1514 2833 affectatam
1528 2783 1713 2852 ¹esee'uno

313 2887 512 2938 ore'omnes
531 2874 768 2952 consentiunt,
787 2874 864 2958 (cfr.
883 2875 1014 2937 Gomm.
1034 2874 1068 2932 P.
1091 2875 1117 2933 I.
1137 2894 1170 2952 p.
1193 2887 1244 2936 ao.
1261 2873 1347 2932 adde
1365 2875 1449 2932 Fest.
1466 2891 1490 2932 s.
1506 2892 1537 2934 v.
1556 2869 1713 2936 claritu-

314 2981 363 3045 do
384 2988 418 3044 et
434 2978 544 3042 Prisc.
560 2981 594 3038 6..
612 2997 659 3044 ea.
674 3001 708 3060 p.
727 2981 795 3052 261.
814 2974 878 3036 ubi
897 2974 968 3051 ejus
991 2971 1103 3035 oratio
1126 2991 1204 3034 cum
1231 2969 1383 3034 Lucretii
1405 2979 1445 3038 et.
1457 2972 1594 3037 Catonis
1617 2993 1711 3038 corn·

310 3081 468 3167 paratur)¹
486 3099 558 3141 non
575 3083 678 3140 modo
703 3081 740 3142 ia
757 3063 941 3159 verborum
963 3076 1130 3138 electione
1149 3082 1259 3155 atque·
1276 3085 1460 3154 structura,
1481 3082 1541 3142 sed
1569 3079 1607 3140 in
1636 3079 1712 3164 ipsa

314 3183 488 3251 scribendi
506 3177 751 3244 consuetudine
771 3176 987 3260 perspicitur.
1009 3176 1251 3243 Nihilominus·
1264 3191 1377 3246 tamen
1395 3179 1643 3250 difficillimum
1661 3193 1710 3248 est

314 3295 359 3356 ed
379 3287 656 3366 dijudicandum,
680 3303 755 3365 quae
776 3280 883 3347 solius
901 3281 1058 3364 Salustii,
1081 3283 1203 3362 qnaeei
1229 3307 1306 3348 cum
1326 3288 1512 3368 aequalibus
1535 3289 1711 3372 scriptori-

314 3397 378 3460 bus
398 3390 594 3458 communia
613 3387 760 3465 fuerint,
790 3408 872 3450 cum.
892 3386 1038 3450 editores
1066 3389 1178 3450 adhuc
1206 3391 1269 3452 hae
1297 3391 1335 3455 in
1358 3403 1453 3476 parte
1480 3413 1601 3476 parum
1631 3395 1714 3474 diliff

315 3509 431 3587 gentes
452 3517 524 3564 sese
542 3493 768 3581 praebuerint..
782 3495 859 3577 Qua
873 3491 910 3553 in
928 3512 965 3555 re
984 3511 1036 3562 ne,
1048 3514 1110 3576 per
1129 3513 1279 3557 errorem
1298 3496 1471 3578 labamur,
1493 3496 1711 3560 nitidissimi-

316 3625 382 3690 que
402 3602 577 3686 scriptoris
603 3601 794 3672 orationem
815 3597 993 3660 horridam
1013 3608 1115 3680 atqua
1137 3599 1312 3662 incultam¹
1329 3596 1531 3676 efficiamus,
1561 3602 1604 3662 ad
1624 3619 1712 3683 prae*

316 3710 615 3774 stantissimcrum¹
634 3703 1007 3788 retustissimorumque
1040 3705 1147 3768 Codd.
1188 3702 1431 3770 auctoritatem,
1459 3704 1627 3788 scriptura
1663 3716 1712 3771 est

318 3807 579 3890 conform'anda5
600 3831 747 3892 quorum
760 3809 801 3874 'in
823 3827 974 3872 numero·
986 3810 1056 3872 Bas.
1080 3811 1107 3870 1.
1137 3812 1206 3872 duo
1221 3799 1397 3885 Vaticani,
1418 3820 1450 3873 et
1470 3819 1630 3890 quattuor
1649 3814 1715 3874 Pa·

317 3919 418 3986 risini
439 3921 501 4000 (de
520 3917 645 4000 quibus
660 3916 751 3980 infra
772 3913 936 3998 scriptum
957 3917 1024 3998 est)
1045 3914 1198 3978 habendi
1221 3925 1308 3978 sunt.
1351 3918 1399 3978 Ex
1414 3915 1539 3996 quibus
1560 3918 1633 3982 haec
1651 3937 1714 3980 no·

318 4037 391 4093 tatu
413 4025 518 4110 digna
531 4021 695 4102 judicavi.
736 4021 854 4084 Multis
877 4020 914 4083 in
934 4020 1049 4085 verbis
1064 4028 1204 4104 propter
1221 4023 1394 4101 quandam
1413 4021 1496 4088 soni
1513 4023 1714 4106 gravitatem

319 4135 437 4214 credo,
459 4152 485 4192 u
504 4148 571 4212 pro.
588 4127 603 4189 i
613 4127 794 4209 scriptum,
816 4124 856 4190 id
872 4128 965 4207 quod
986 4125 1024 4188 in
1048 4135 1237 4210 optumus,
1253 4147 1446 4190 maxumus
1463 4127 1630 4204 solemne,
1652 4131 1712 4192 sed

320 4235 422 4300 etiam
434 4252 657 4318 proxumus,
665 4229 882 4314 finitumus,
904 4228 1141 4307 maritumas,
1155 4252 1365 4313 pessumus,
1374 4225 1633 4320 fortissumus,
1655 4232 1712 4293 inc

305 4339 563 4422 firmissumus,
573 4331 913 4425 flagitiosissumus,
926 4330 1449 4422 clarissumi,sceleratissumi,
1470 4332 1723 4408 miserrumum

1406 4449 1430 4494 a
