4334 5354
1617 457 1688 530 321·

224 648 226 656 ⁴
289 647 549 738 agitabantur;
570 641 840 726 'constituerat,
855 616 1093 732 agitabatur.
1122 648 1171 712 ³3.
1204 655 1369 733 gesserat
1399 649 1447 711 bo.
1482 661 1688 735 eruperant,

288 754 514 840 nequiverat,
524 747 660 840 fuerat
674 753 722 812 51.
744 759 975 838 cognoverat.
991 755 1039 816 60.
1059 747 1293 832 remiserant,
1309 754 1598 836 prospectabant
1612 760 1644 821 C.
1660 761 1690 823 6.

288 869 399 923 totum
420 866 531 942 eaput.
556 879 585 938 7.
611 857 750 918 arduus
770 863 866 938 erat,
889 857 1090 920 domuerat.
1112 877 1141 936 9.
1171 852 1234 918 ubi
1247 877 1327 938 pas:
1348 865 1513 920 evenerat
1534 879 1582 922 10.
1603 863 1692 923 duo-

244 1019 248 1024 .
288 965 354 1027 hus
372 964 458 1030 locis
477 965 589 1047 plusq.
607 963 679 1024 vim
700 958 892 1043 imperfecti
912 962 1040 1052 habere
1060 960 1206 1024 videtur.
1236 961 1297 1024 cfr.
1318 963 1354 1024 C.
1376 965 1425 1024 50.
1452 973 1486 1027 J.
1508 980 1558 1046 70.
1587 961 1694 1028 soliti

240 1127 242 1131 ,
291 1076 417 1142 erant,·
438 1069 476 1130 id
498 1071 592 1149 quod
613 1085 654 1130 eo
676 1066 845 1148 firmatur,
868 1069 963 1146 quod
984 1066 1162 1130 Prisciano
1182 1075 1308 1146 testes9.
1333 1089 1378 1128 ιο.
1398 1092 1433 1153 p.
1454 1071 1527 1144 468.
1544 1071 1604 1132 Ed.
1625 1072 1686 1132 Kr.

289 1175 403 1256 plusq.
423 1175 589 1236 soluerat
610 1171 753 1251 antique
774 1170 920 1256 dixeram
951 1170 1066 1253 ipsum
1087 1171 1326 1257 imperfectum
1348 1189 1512 1236 nonuno
1532 1175 1609 1238 loco
1628 1195 1693 1259 pro

290 1277 425 1361 imperf.
448 1276 571 1340 action.
592 1274 1007 1361 ingrediendaepositum.
1030 1275 1089 1338 cfr.
1108 1289 1141 1343 J.
1164 1300 1193 1357 7.
1214 1274 1384 1340 mittebat
1405 1277 1454 1358 αρ’.
1476 1278 1693 1362 redimebat,

291 1383 477 1464 perfectum
490 1381 687 1465 aliquoties,
703 1391 740 1443 ut
755 1383 877 1446 Aorist.
888 1385 1043 1468 Graecus,
1057 1392 1097 1448 ut
1107 1386 1286 1451 notionem
1304 1384 1562 1450 consuetudinis
1579 1383 1693 1446 inelu-

278 1557 280 1567 ‚
294 1488 370 1562 dat,
385 1491 445 1549 sed
456 1486 632 1570 propriam
644 1485 714 1556 vim
730 1505 801 1549 non
818 1489 921 1570 plane
939 1490 1081 1554 amittat.
1097 1490 1158 1552 cfr.
1181 1494 1218 1553 G.
1235 1513 1279 1554 ιο.
1305 1489 1460 1555 edocuit.
1477 1492 1526 1552 so.
1541 1485 1691 1576 gravius

291 1611 396 1672 oequo
418 1593 582 1659 habuere.
603 1590 683 1656 vide
697 1594 886 1660 Comment.
900 1596 944 1654 ad
956 1595 1028 1656 Cat.
1046 1617 1092 1658 ιο.
1114 1597 1272 1660 Ceterum
1293 1615 1355 1678 per
1375 1614 1410 1658 se
1430 1600 1524 1678 patet
1543 1611 1589 1656 ne
1608 1591 1693 1654 dili·

290 1695 489 1778 gentissima
516 1696 657 1777 quidem
678 1698 918 1780 exemplorum.
934 1699 1188 1780 conquisitione
1214 1697 1306 1762 effici
1328 1717 1448 1783 posse,
1468 1706 1527 1774 ut,
1547 1697 1633 1778 quid
1655 1696 1694 1758 in

291 1800 453 1864 omnihus
474 1810 507 1865 et
527 1789 673 1886 siugulis
693 1803 780 1866 locis
795 1811 914 1864 auctor
935 1802 976 1862 in
989 1810 1192 1882 temporum
1208 1799 1472 1882 compositione
1486 1812 1620 1866 secutus
1639 1801 1695 1883 sit,
1727 1877 1730 1884 ἱ

289 1907 486 1987 generalior
514 1907 701 1989 disputatio
722 1903 978 1986 complectatur.
1018 1903 1085 1964 Sed
1104 1905 1178 1966 haec
1196 1921 1306 1984 pauca
1325 1906 1478 1964 notanda
1498 1923 1570 1968 esse
1591 1904 1693 1980 duxi,

290 2018 329 2068 ut
350 2017 383 2069 et
404 2015 571 2087 quantum
592 2009 636 2069 sit
655 2007 854 2070 Salustianae
874 2004 1042 2068 orationis
1062 2004 1264 2086 artificium,
1285 2005 1412 2067 clarius
1432 2005 1695 2088 perspiceretur,

291 2119 325 2175 et
344 2131 448 2192 quam
468 2131 590 2174 manca
610 2119 644 2176 et
664 2110 863 2194 imperfecta
880 2109 1180 2194 grammaticorum
1201 2109 1272 2171 sint
1290 2116 1474 2193 praecepta,
1495 2109 1559 2190 qui
1577 2109 1693 2192 sapis-
1791 2193 1795 2198 ,

290 2216 377 2282 sime
397 2235 540 2300 parvum
560 2216 795 2298 exemplorum
816 2235 999 2277 numerum
1022 2234 1170 2294 eumque
1190 2216 1234 2277 ab
1255 2214 1333 2276 aliis
1354 2221 1553 2299 congestum
1573 2214 1694 2294 secuti,

292 2320 549 2385 conclusionem
570 2323 613 2382 de
633 2319 781 2382 maxima
798 2295 966 2381 orationis
985 2317 1146 2382 varietate
1165 2318 1306 2381 faciunt.

371 2429 449 2488 Non
464 2424 574 2486 minus
587 2424 739 2487 diversus
754 2432 802 2486 est
816 2426 906 2507 apud
916 2423 1103 2490 Salustium
1112 2425 1397 2504 conjunctionum
1417 2443 1507 2489 usus.
1527 2429 1579 2489 Ita
1599 2426 1695 2490 enim

291 2527 422 2594 ferebat
452 2538 484 2593 et
512 2529 621 2614 ipsius
647 2529 823 2614 scriptoris
847 2529 1046 2616 ingenium,
1079 2539 1113 2593 et
1132 2529 1309 2612 historia,
1335 2531 1473 2612 qualem
1494 2532 1557 2596 ille
1577 2539 1695 2597 mente

292 2633 360 2696 sibi
381 2633 539 2715 finxerat,
560 2636 635 2717 lex,
656 2642 690 2698 et
708 2633 905 2716 antiquum,
925 2637 1021 2715 quod
1040 2627 1240 2717 affectabat,
1262 2633 1403 2698 dicendi
1423 2655 1537 2719 genus.
1556 2637 1696 2700 Scilicet
1743 2671 1745 2674 ·

291 2739 473 2823 Salustius,
502 2740 596 2819 cujus
622 2759 742 2802 sanum
763 2747 797 2801 et
815 2746 945 2800 rectum
966 2746 1038 2800 erat
1053 2737 1246 2820 judicium,
1274 2738 1378 2822 plane
1400 2745 1434 2800 et
1455 2748 1572 2822 aperte
1592 2741 1693 2821 loqui

293 2864 393 2924 quam
415 2845 589 2907 subtiliter
609 2849 642 2906 et
661 2851 797 2906 versute
817 2843 983 2906 disserere
1003 2841 1136 2906 maluit.
1169 2843 1253 2920 Quae
1275 2838 1369 2900 enirn
1390 2841 1453 2928 alii
1474 2844 1592 2902 multis
1613 2863 1695 2926 ope

290 2967 435 3028 seseque
455 2947 658 3028 conquisitis
678 2945 871 3008 rationibus
891 2944 1072 3023 evincunt,
1092 2944 1166 3003 hac
1184 2933 1246 3002 ille
1268 2941 1465 3002 excellentis
1485 2940 1620 3026 ingenii
1640 2947 1694 3023 lu-
1754 2947 1758 2953 “

292 3053 387 3113 mine
407 3058 440 3111 et
460 3048 638 3112 velocitate
660 3046 821 3129 arripuit,
846 3047 1032 3125 omniaque
1052 3045 1100 3107 ita
1121 3045 1338 3130 enunciavit,
1368 3053 1408 3107 ut
1426 3047 1580 3110 breviter
1598 3069 1693 3112 com..

291 3152 470 3238 prehensis
490 3148 668 3212 sententiis
688 3150 786 3227 quasi
807 3149 946 3210 oracula
966 3147 1114 3211 edidisse
1134 3148 1318 3216 videretur.
1360 3151 1431 3233 Ipsi
1451 3159 1565 3216 aulem
1585 3154 1694 3218 hislo-

292 3258 370 3328 riae,
391 3265 426 3316 ut
448 3254 540 3318 testis
560 3261 753 3334 temporum
774 3258 807 3313 et
825 3251 885 3313 lux
904 3251 1058 3314 veritatis
1079 3261 1170 3316 recte
1191 3253 1339 3338 dicatur,
1360 3256 1505 3339 simplex
1527 3267 1560 3320 et
1579 3260 1694 3343 gravis

293 3361 404 3426 oratio
426 3359 572 3422 maxime
593 3355 758 3420 convenit.
787 3356 853 3418 Sed
873 3355 1078 3436 antiquioris
1098 3359 1266 3422 sermonis
1287 3359 1330 3447 id¹
1345 3362 1526 3443 proprium
1540 3383 1619 3441 *esse
1639 3386 1692 3428 so-

293 3469 359 3549 let,
379 3479 416 3528 ut
422 3484 508 3548 pura
517 3463 714 3542 illustrique
733 3459 898 3545 gravitate
913 3461 1021 3543 magis
1041 3481 1144 3541 quam
1158 3449 1328 3525 concinna
1343 3473 1376 3527 et
1389 3465 1572 3527 artificiosa
1583 3487 1692 3529 mem·

293 3574 435 3634 brorum
457 3567 706 3651 compositione
726 3567 878 3632 excellat.
917 3567 1084 3630 Salustius
1104 3568 1229 3650 igitur,
1255 3567 1394 3651 grandis
1413 3569 1551 3642 verbis„
1573 3571 1692 3635 creber

293 3674 489 3748 sententiis,
517 3671 768 3756 compressione
789 3692 904 3736 rerum
923 3672 1058 3756 brevis,
1091 3672 1282 3736 orationem
1302 3671 1351 3734 ita
1372 3671 1618 3758 conformavit,
1652 3677 1692 3739 ut
1742 3747 1747 3754 q

294 3778 486 3862 sententiae,
508 3777 616 3842 nullis
632 3777 688 3840 rel
708 3777 825 3859 paucis
845 3776 1042 3860 particulis,
1064 3779 1156 3842 inter
1175 3799 1211 3842 se
1230 3778 1422 3859 equalitate
1444 3782 1591 3858 quadam
1608 3780 1693 3858 jun·

295 3896 471 3973 gerentur,
500 3884 607 3947 altera
627 3883 766 3946 alteram
787 3881 976 3966 exciperet,
1004 3883 1221 3966 explanaret,
1240 3884 1436 3946 illustraret.
1476 3884 1564 3958 Satis
1584 3885 1692 3971 igitur

293 3991 399 4055 habet
419 3989 526 4051 multa
546 4008 714 4068 enarrare,
735 3997 774 4049 ut
795 3988 958 4071 temporis
978 3991 1064 4050 ordo
1086 3986 1230 4070 ferebat,
1245 4008 1320 4069 quae
1341 3987 1379 4050 in
1400 3991 1550 4053 oratorio
1572 3992 1692 4062 dicen-

295 4096 333 4158 di
352 4114 477 4181 genere
496 4104 573 4177 apta
603 4100 883 4178 argumentorum
904 4091 1130 4175 dispositione
1151 4092 1241 4156 inter
1261 4113 1297 4156 se
1319 4094 1558 4180 conjungenda
1579 4106 1612 4162 et
1632 4116 1691 4161 eo-

294 4203 521 4285 agmentanda
540 4195 646 4260 fuere.
684 4200 737 4259 Ita
757 4197 940 4280 sepissime
968 4216 1048 4260 usus
1078 4205 1127 4260 est
1152 4197 1349 4294 particulis:
1379 4199 1455 4282 ubi,
1470 4209 1691 4284 postquam,

297 4314 395 4387 tum,
414 4309 520 4388 dum,
549 4298 718 4379 interim,
745 4299 845 4384 dein,
873 4298 1018 4386 debinc,
1040 4299 1184 4378 deinde,
1200 4310 1307 4387 post,
1334 4307 1579 4388 paulopost,
1608 4324 1692 4371 cum

1347 4416 1392 4502 41
