4282 5390
1663 491 1713 572 79

301 651 469 714 detectam
497 627 652 732 spectare
677 644 883 730 opinantur,
913 664 1020 730 quare
1039 647 1226 735 legendum
1253 669 1325 716 esse
1344 654 1498 722 ridetur:
1529 681 1576 724 ne
1599 655 1667 728 illa
1689 689 1715 734 a

301 763 412 820 tauro
427 761 545 837 parta
568 749 751 832 sit-.-17
772 752 890 834 Quem
908 775 954 820 ea:
976 755 1220 822 Mauretania
1238 779 1305 822 rea
1325 761 1520 845 Leptasta,
1540 771 1635 848 quod
1652 791 1718 838 noa

300 881 381 925 men
398 858 535 924 Debr.
524 881 563 922 in
579 857 805 942 Ascalisiphta
817 859 978 968 mutavit,
999 881 1078 925 oum
1098 863 1301 928 Plutarchus
1318 887 1345 929 c.
1369 889 1388 948 9
1408 870 1598 937 Sertorium
1615 878 1715 946 Mau-

299 965 349 1030 ris
367 986 467 1063 opem
491 965 608 1029 tulisse
626 972 742 1036 narret
763 975 884 1028 contra
899 930 1083 1026 Amator
1103 945 1157 1025 riv
1170 943 1309 1052 Ιφθῶι
1329 993 1433 1053 quem
1456 967 1554 1040 Sulla
1576 981 1717 1047 auxiliis

298 1069 485 1149 adjuverat.
505 1072 572 1134 Sed
582 1074 655 1135 baec
667 1072 811 1135 nomina
829 1074 933 1156 plane
952 1073 1085 1138 diversa
1098 1096 1169 1141 esse
1185 1077 1364 1160 videntum
1377 1089 1493 1144 utrum
1511 1083 1716 1156 Plutarchus

297 1193 342 1240 an
364 1175 530 1238 Salustius
551 1176 695 1262 propius
730 1181 774 1240 ad
797 1199 917 1243 verum
939 1184 1096 1268 accedat,
1128 1187 1295 1249 incertum
1316 1195 1376 1249 est.
1402 1189 1501 1250 ·18.·
1525 1189 1628 1271 Quos
1648 1191 1715 1257 ad·

297 1301 438 1346 vorsum
450 1280 562 1346 multi
576 1305 621 1348 ea:
636 1280 814 1372 Bithynia
829 1287 990 1350 volentes
1009 1307 1212 1368 occurrere,
1219 1287 1497 1381 salsumfiliam
1513 1291 1715 1384 arguituri.

295 1386 446 1484 ,Mirum
463 1389 501 1451 ni
520 1391 593 1454 haec
616 1392 657 1452 ad
677 1395 820 1476 Nasam,
844 1392 1041 1457 Nicomedis
1064 1394 1194 1470 filium,
1216 1397 1417 1475 referunda,
1438 1420 1541 1482 quem
1566 1399 1641 1484 regi
1657 1401 1715 1467 illi

294 1492 517 1556 hauddubie
539 1504 673 1579 natum,
695 1497 762 1558 hoc
788 1506 837 1560 est
859 1497 953 1560 baud
978 1499 1065 1562 vitio
1087 1508 1146 1562 aut
1164 1500 1349 1587 illegitime
1369 1514 1572 1624 conceptum
1592 1504 1714 1585 fuisse,
1745 1493 1749 1500 ⁴

294 1595 441 1679 epistola
463 1599 675 1663 Mithridatis
694 1601 884 1668 testabitur.
904 1607 1006 1689 Quod
1027 1616 1141 1670 tamen
1161 1606 1330 1690 Bithynos
1345 1605 1445 1689 istos,
1467 1608 1528 1689 qui
1547 1630 1567 1670 a
1586 1613 1714 1674 Roma·

293 1701 349 1766 nis
365 1702 405 1764 in
424 1726 570 1791 regnum
584 1707 692 1786 illud,
714 1719 852 1773 mortuo
870 1711 1074 1798 Nicomede,
1096 1712 1195 1796 quasi
1215 1710 1254 1775 in
1269 1732 1415 1776 uacuum
1433 1714 1655 1777 venientibus
1674 1735 1714 1780 ao

292 1811 542 1900 possessionem
569 1818 842 1900 occupantibus,
872 1817 1019 1901 gratiam
1048 1839 1120 1881 sese
1153 1817 1245 1881 inire
1262 1819 1480 1901 studebant,
1506 1822 1714 1906 redarguere

293 1926 432 1981 conatos
465 1940 554 2004 esse,
590 1921 823 2014 fragmentum
863 1923 957 1986 istud
991 1924 1129 2004 liquido
1163 1920 1359 2006 significare
1387 1920 1557 1986 videtur.l
1586 1927 1713 1990 Douaa.

290 2043 396 2084 ·21.-
416 2034 613 2111 argeutum
638 2038 805 2091 mutuum
826 2024 1032 2111 arcessivit,
1052 2029 1091 2090 in
1112 2027 1320 2108 quibusdam
1339 2031 1714 2112 argentum'multum

292 2123 479 2204 arcessivi,
498 2129 537 2185 in
553 2132 800 2192 vestustissimo
827 2130 1031 2191 Coloniensi
1052 2139 1246 2212 argentum
1262 2132 1404 2184 mutum
1425 2123 1614 2187 arcessivit
1634 2147 1714 2192 oum

201 2279 208 2296 .
293 2226 525 2311 superlineari
544 2228 748 2313 glossemate
769 2232 793 2292 i.
814 2251 842 2293 e.
870 2230 1107 2292 simulacrum.
1135 2229 1188 2290 Ad
1215 2226 1361 2289 bellicos
1383 2235 1568 2309 apparatus
1590 2231 1715 2314 Lepidi

220 2335 224 2342 '
290 2334 359 2397 boc
381 2331 546 2396 referunt.
579 2350 687 2396 -22.-
706 2335 802 2395 Eam
834 2331 1053 2395 deditionem
1079 2332 1159 2393 vide
1177 2350 1280 2411 supra
1304 2333 1347 2391 de
1371 2331 1466 2394 bello
1489 2322 1713 2408 Macedonico

289 2459 324 2522 p.
341 2461 370 2519 7.
390 2473 409 2487 -
421 2443 495 2500 23.-
514 2430 590 2497 nisi
606 2431 832 2516 quaflumeu
851 2434 997 2492 Darda.
1019 2433 1161 2493 Clurda
1181 2439 1231 2489 est
1251 2431 1289 2488 in
1310 2434 1429 2496 multis
1448 2439 1555 2500 Codd.
1576 2440 1616 2502 in
1634 2442 1715 2509 aliis

291 2544 435 2626 Lurda,
457 2543 517 2604 sed
535 2537 672 2601 nullum
693 2537 820 2600 horum
833 2532 1016 2595 nominum
1030 2535 1122 2615 apud
1134 2533 1357 2617 Geograpbos
1367 2533 1497 2598 inveni.
1517 2572 1533 2586 ·
1544 2544 1617 2603 25..
1638 2549 1714 2612 Ne.

265 2659 270 2667 ’
299 2669 365 2730 que
382 2643 544 2734 virgines
563 2650 719 2724 nuptum
739 2639 778 2702 in
800 2627 1035 2722 Hispanorum
1055 2636 1211 2698 moribus
1229 2636 1466 2702 describendis
1483 2644 1551 2706 hoe
1564 2665 1714 2736 comme-

293 2762 463 2817 moratum
485 2739 589 2812 fuisse
610 2748 758 2810 videtur.
787 2781 803 2796 -
818 2747 894 2808 a6.-
914 2743 1107 2806 Modestus
1127 2741 1180 2803 ad
1199 2740 1324 2806 omnia
1347 2741 1426 2807 alia
1447 2757 1538 2812 recte
1560 2750 1617 2813 bis
1636 2774 1713 2820 ver-

293 2857 347 2922 bis
375 2854 581 2921 Debrossius
604 2852 740 2932 judicat
771 2849 929 2935 Pompeji
957 2867 1070 2912 mores
1098 2846 1287 2910 asalustio
1311 2849 1499 2933 descriptos
1524 2852 1629 2921 fuisse
1650 2860 1712 2926 eir.

293 2963 380 3026 Plut.
404 2964 525 3044 Pomp.
548 2981 576 3022 r.
598 2959 700 3048 στωφρ
701 2936 795 3035 ratim
816 2975 890 3044 περι
878 2940 1045 3020 limnas.
1076 2954 1181 3016 -.-28
1186 2951 1255 3017 At
1281 2955 1480 3018 Lucullum
1501 2957 1599 3047 regis
1617 2985 1711 3030 cura

293 3085 354 3140 etc.
383 3077 444 3140 cfr.
477 3077 566 3138 Plut.
595 3074 815 3151 Lucull.14;
847 3079 882 3136 et
912 3071 1057 3155 Appian.
1091 3071 1194 3133 deB.
1221 3069 1377 3133 Mithrid.
1400 3091 1428 3134 c.
1448 3073 1504 3152 803
1530 3055 1711 3155 droelini

293 3186 422 3288 ἀγοραῖς
442 3199 475 3255 et
497 3193 546 3252 θι
564 3189 625 3274 sai
643 3175 679 3256 ri
685 3171 762 3282 μὲν
781 3169 1041 3284 ἐνθύμημα’
994 3169 1385 3281 payairairroudaratr
1384 3171 1710 3281 ροφῶνΛοῦιωυλλον.

291 3329 398 3390 -.-29
425 3314 648 3373 Tartessum.
668 3306 819 3390 pertrnet
833 3307 900 3370 boc
921 3307 964 3366 ad
979 3303 1100 3367 foedus
1115 3303 1200 3367 olrm
1215 3325 1293 3366 cum
1308 3305 1488 3371 Gaditanis
1501 3330 1711 3394 percussum,

294 3426 328 3482 et
344 3415 478 3499 Lepido
493 3412 682 3492 Catuloque
697 3413 789 3473 Coss.
811 3408 1061 3473 confirmatum.
1084 3407 1144 3471 cir.
1160 3408 1250 3474 Plin.
1270 3425 1300 3486 4.
1322 3429 1399 3476 aaa:
1419 3415 1589 3488 ,Timaeus
1613 3416 1710 3480 Coti·

294 3542 432 3586 nussam
448 3522 541 3603 apud
566 3538 624 3583 eos
641 3527 797 3581 vocatam
816 3516 886 3591 ait,
910 3509 1019 3578 nost'ri
1040 3518 1234 3580 Tartessum
1256 3518 1450 3601 appellant,
1471 3519 1569 3582 Poeni
1587 3519 1704 3602 Gadis,

294 3627 344 3690 ita
366 3627 496 3690 Punica
519 3625 639 3710 lingua
659 3643 780 3708 sepem
803 3621 1046 3707 significante²⁹
1075 3621 1136 3685 cir.
1153 3621 1273 3686 Avien.
1296 3624 1390 3685 Fest:
1414 3622 1569 3697 ,Gaddir
1593 3623 1708 3708 prima

293 3733 420 3797 fretum
439 3731 550 3793 solida
561 3731 791 3814 supereminet
812 3748 889 3792 arce
906 3729 1113 3809 adtollitque
1131 3737 1251 3812 caput,
1271 3729 1419 3814 geminis
1433 3728 1560 3792 inserta
1574 3731 1709 3794 colum·

294 3839 365 3902 nis:
387 3836 455 3900 Hic
476 3837 638 3899 Cotinusa
665 3837 762 3920 prius
782 3834 895 3898 fuerat
917 3835 980 3898 sub
1001 3833 1143 3898 nomine
1164 3835 1280 3918 prisco
1301 3839 1562 3916 Tartessumque
1582 3835 1711 3902 dehinc

293 3943 394 4028 Tyrii
424 3941 541 4005 dixere
569 3943 687 4005 coloni
717 3944 865 4004 Barbara
895 3942 982 4022 quin
1020 3941 1124 4006 etiam
1157 3941 1269 4005 Gades
1296 3942 1369 4004 haec
1399 3943 1518 4026 lingua
1546 3949 1704 4028 usurpat,

294 4051 416 4114 Poenus
437 4047 566 4131 quippe
585 4048 701 4110 locum
730 4057 830 4112 vocat
859 4048 1015 4131 undique
1040 4050 1227 4112 clausum)
1252 4049 1355 4108 -to-
1374 4047 1502 4128 Neque
1519 4047 1706 4134 subsidia,

297 4149 355 4216 uti
370 4156 554 4229 soluerat,
576 4149 890 4237 compositis‘4pro
905 4155 1031 4230 solitus
1043 4165 1126 4218 erat.
1143 4157 1253 4218 Varro
1271 4151 1358 4215 Vlll.
1371 4153 1409 4212 L.
1423 4155 1459 4212 L.
1482 4156 1610 4216 Contra
1619 4175 1707 4235 qno·

296 4257 390 4320 niam
409 4268 459 4322 est
480 4258 595 4341 soleo,
613 4267 749 4342 oportet
769 4259 837 4320 dici
862 4258 975 4336 solui,
1002 4269 1042 4322 ut
1063 4263 1146 4322 Cato
1164 4265 1198 4320 et
1216 4254 1348 4317 Ennius
1368 4256 1543 4342 scribunt,
1576 4281 1648 4323 non
1666 4265 1705 4320 ut

297 4363 381 4430 dicit
396 4365 536 4451 vulgus:
556 4362 689 4430 solitus
710 4385 801 4428 sum.
826 4364 931 4430 Plura
948 4364 1113 4430 Priscian.
1130 4365 1186 4433 lll.
1204 4385 1241 4448 p.
1263 4363 1335 4445 872.
1356 4371 1390 4428 et
1404 4365 1497 4432 VIII.
1511 4387 1546 4447 p.
1563 4366 1640 4442 8185
1660 4363 1706 4427 do
