4230 5348
1683 411 1761 514 ιιι

354 612 384 672 3.
408 622 456 673 ss.
475 603 555 667 Tac.
569 603 698 670 Germ.
721 595 771 678 it.
795 604 829 667 et
854 599 1001 686 interpp.
1025 601 1070 666 ad
1091 601 1164 670 htec
1183 603 1277 683 loca;
1308 596 1421 670 citam
1440 594 1609 694 refutare
1629 605 1764 686 dictum

352 720 391 776 ut
405 734 437 776 v.
453 708 643 793 aspernari,
666 726 822 772 recusare
832 731 841 782 ι
859 710 936 787 sed,
950 706 989 773 ni
1006 708 1130 798 fallor,
1150 709 1237 773 alibi
1254 729 1326 774 non
1340 709 1499 774 occurrit.
1520 713 1642 776 -105.-
1660 713 1762 778 Dum

352 812 511 911 inferior
530 810 633 882 omni
648 810 709 877 oia
725 815 997 902 grassaretur
986 836 1010 883 ι.
1030 836 1059 881 e.
1081 837 1158 880 cum
1160 815 1310 880 viribus
1326 814 1499 880 infirmior
1514 816 1634 880 omnia
1651 823 1762 884 tenta·

352 929 421 1001 ret5
439 923 512 986 haec
530 923 573 985 de
583 918 735 985 Sertorio
747 917 980 996 dictaJ‘udicat
991 920 1094 984 Debr.
1113 942 1145 984 ci
1139 917 1254 1004 quod
1268 923 1385 984 Douna
1401 920 1548 999 conjecit
1565 942 1643 985 cum
1657 941 1763 1008 prop-

312 1061 322 1076 ·-
352 1033 406 1090 ter
434 1025 519 1109 alia,
548 1033 620 1089 tum
651 1033 795 1111 propter
821 1010 1021 1108 appositum
1050 1021 1152 1124 omni
1176 1025 1406 1104 rejiciendum
1431 1033 1491 1090 est.
1513 1021 1569 1092 sia
1591 1023 1765 1114 grassari

351 1133 444 1214 apud
464 1129 602 1194 Livium
628 1130 751 1217 saepius
774 1130 913 1216 legitur.
935 1130 997 1194 cfr.
1022 1152 1050 1194 ι.
1074 1148 1109 1194 ιι
1131 1137 1164 1197 et
1186 1148 1235 1214 27.
1255 1125 1464 1220 inferiori.
1483 1150 1513 1197 e.
1535 1131 1677 1216 opibus,
1697 1149 1762 1216 po-

351 1235 469 1300 tentia.
490 1238 609 1299 -106.·
629 1235 809 1303 Narbone
825 1231 985 1325 concilia
1004 1236 1208 1308 Gallorum.
1230 1235 1290 1300 cfr.
1308 1253 1410 1324 supra
1424 1255 1502 1322 pag,
1526 1240 1574 1300 13.
1590 1256 1624 1299 n.
1644 1237 1762 1305 -sott-

350 1340 416 1408 Ad
431 1339 539 1407 Jovis
559 1342 727 1405 mandem
754 1348 896 1406 nostra.
920 1343 1092 1425 templum
1122 1338 1290 1426 intelligit
1310 1338 1436 1404 Donat.
1456 1343 1524 1406 Sed
1545 1344 1676 1428 noun,
1698 1340 1762 1424 qui

350 1445 406 1510 bis
425 1464 563 1512 sensum
585 1446 695 1511 inesse
716 1447 881 1532 negabat,
903 1443 944 1510 id
961 1446 1056 1516 Jovi
1067 1441 1235 1510 mandem
1254 1454 1383 1510 nostro
1405 1447 1476 1533 legi
1491 1447 1603 1526 jussit.
1631 1447 1699 1512 Sed
1720 1447 1762 1510 in

340 1549 479 1616 ‘talibus
510 1550 711 1642 fragmentis
740 1571 855 1634 neque
886 1550 1109 1636 coniecturis,
1135 1570 1248 1634 neque
1277 1551 1558 1636 interpretationi
1578 1554 1676 1618 locus
1701 1559 1762 1618 est.

351 1649 472 1741 -1o9.·
491 1655 621 1724 Morbi
633 1647 762 1746 gro'ves
781 1656 828 1721 ob
851 1654 1010 1722 inediam
1031 1652 1184 1756 insolito
1204 1653 1429 1721 vescentibus
1454 1665 1544 1722 recte
1561 1661 1677 1722 Douza
1695 1665 1762 1727 sta-

350 1762 435 1848 tuit,
456 1765 499 1827 de
526 1762 678 1827 exercitu
703 1761 916 1826 Mithridatis
941 1762 1015 1848 agi,
1036 1749 1196 1844 quicum
1221 1761 1381 1847 Cyzicum
1406 1760 1598 1840 obsideret,
1628 1779 1763 1826 summa
1860 1809 1863 1816 .

349 1865 473 1953 inopia
495 1865 687 1932 laborabat.
718 1867 777 1931 cfr.
802 1868 892 1930 Plut
921 1870 960 1931 V.
989 1868 1071 1935 Luc.
1093 1888 1122 1932 c.
1149 1889 1197 1930 ιι.
1224 1893 1319 1956 ταχυ
1310 1851 1488 1967 8ὲέξῷ
1453 1895 1507 2002 poss
1524 1895 1561 1940 ro
1554 1853 1759 1968 φιλοτιμιν

349 1977 451 2051 αὐτοῦ
467 1977 527 2072 noi
547 1963 748 2076 φιλᾶνεικον,
770 1977 802 2051 ἐν
822 1963 976 2062 celebriores
994 1963 1158 2080 γινρμένον
1176 2006 1245 2051 των
1258 1979 1420 2076 cin-cpias,
1450 1970 1505 2060 ais
1533 1981 1561 2051 oi
1572 1981 1761 2076 eperrdraa

350 2097 547 2185 πνείχοιτο,
576 2097 636 2168 καὶ
663 2097 724 2170 reis
744 2076 1055 2192 ἀνθρωιτοφαιγίων.
1084 2099 1229 2182 Appian
1256 2103 1354 2162 deb
1379 2099 1536 2160 Mithrid.
1563 2122 1764 2178 72···110-

349 2203 476 2284 Atque
495 2223 537 2266 ea
556 2209 725 2290 cogentes
743 2217 818 2298 non
835 2209 986 2265 coactos
998 2203 1170 2264 scelestos
1184 2198 1301 2289 magis
1320 2221 1429 2283 quam
1444 2196 1595 2266 miseros
1611 2198 1762 2268 distrin-

348 2304 400 2396 gi.
422 2308 518 2372 locus
546 2325 618 2369 non
644 2305 779 2391 integer
802 2324 872 2383 esse
892 2305 1029 2368 videtur
1045 2310 1105 2366 aut
1126 2304 1231 2367 verba
1255 2299 1305 2368 ita
1325 2311 1406 2366 sunt
1429 2306 1589 2390 abrupta,
1609 2316 1650 2370 ut
1669 2315 1762 2372 recte

350 2412 516 2496 explicari
536 2411 595 2472 vix
614 2408 758 2494 possint.
784 2410 888 2474 Debr.
912 2411 984 2472 hac
1007 2412 1051 2470 ad
1074 2412 1251 2472 Romanos
1271 2409 1423 2493 captivos
1440 2420 1593 2494 spectare
1606 2411 1760 2496 judicat,

350 2516 457 2598 quia
484 2495 641 2600 fugitivis
668 2512 777 2576 coacti
805 2513 932 2598 gladiis
952 2513 1212 2598 depugnabant3
1235 2510 1307 2590 eJ‘us
1331 2508 1571 2598 interpretatio
1597 2519 1671 2583 haec
1696 2526 1763 2584 est:

349 2621 487 2698 «furens
505 2617 596 2682 ainsi
615 2618 824 2702 contraints,
844 2639 916 2682 non
936 2637 1027 2703 pour
1046 2638 1159 2681 aucun
1178 2617 1302 2700 crime,
1330 2618 1393 2699 qui
1410 2619 1503 2684 leurs
1526 2621 1586 2684 ebt
1605 2621 1669 2686 fait
1689 2641 1762 2688 me·

351 2725 435 2790 riter
455 2724 561 2790 d'itre
584 2718 687 2788 livrbs
714 2722 735 2787 b
759 2725 795 2788 la
816 2732 906 2787 mort
927 2743 971 2788 en
993 2722 1162 2807 spectacle
1176 2722 1321 2807 public,
1343 2707 1430 2785 mais
1446 2744 1509 2808 par
1525 2725 1560 2788 le
1582 2727 1656 2790 seul
1675 2727 1764 2790 mal·

227 2903 229 2910 ,
351 2833 439 2896 henr
457 2833 500 2894 de
520 2830 614 2894 leurs
637 2827 818 2906 situation,
839 2826 860 2892 a
884 2848 920 2894 se
941 2821 1100 2894 dechirer
1123 2836 1157 2892 et
1178 2825 1198 2890 ὲ
1220 2828 1477 2912 s'entr'egorger
1499 2830 1765 2910 eux-menese

350 2937 415 3000 Sed
445 2928 621 3020 distringi
642 2951 707 3015 pro
732 2929 845 3019 ferro
881 2934 1049 2996 lacerare
1083 2931 1249 3015 exemplis
1278 2940 1351 2996 erat
1387 2932 1648 3014 illustrandum
1681 2955 1762 2999 nam

351 3035 527 3126 distringi
543 3036 685 3120 proprie
701 3043 751 3096 est
772 3034 923 3112 aliquem
941 3034 1092 3100 diductis
1109 3045 1213 3119 atque
1233 3037 1390 3102 distentis
1416 3037 1576 3102 manibus
1598 3040 1765 3125 pedibus-

351 3163 419 3224 que
440 3141 686 3224 constringere.
708 3137 856 3200 cfnsen.
873 3138 915 3198 de
936 3139 973 3200 V.
990 3141 1044 3200 Ba
1064 3141 1148 3212 <⁴alii
1164 3140 1301 3224 alligati
1315 3151 1408 3225 sunt,
1431 3143 1494 3206 alii
1505 3146 1677 3221 adstricti,
1697 3145 1762 3211 alii

353 3245 501 3310 districti
516 3249 686 3325 quoquest)
707 3243 780 3304 haec
801 3238 909 3323 igitur
926 3241 1112 3303 vernacula
1129 3243 1177 3304 ita
1196 3245 1366 3328 explicare
1382 3246 1499 3310 licuit:
1521 3251 1631 3336 ..dam
1643 3251 1762 3316 nothi-

352 3355 445 3438 gend
463 3351 559 3414 nicht
574 3345 772 3434 genithigt,
791 3344 1070 3409 verbrecherisch
1087 3349 1188 3408 mehr
1205 3350 1256 3412 als
1274 3351 1651 3440 hedaurungswiirdig,
1669 3377 1761 3420 wur-

353 3461 420 3523 den
443 3456 493 3522 sie
515 3455 579 3519 mit
594 3460 867 3574 ausgespannten
889 3451 1054 3520 Gliedem
1074 3449 1240 3538 gefesselt.
1246 3463 1265 3499 ὓ
1289 3456 1392 3520 haec
1382 3478 1421 3520 ιιι
1437 3460 1588 3540 captivos
1608 3458 1679 3520 dici
1695 3478 1763 3556 po·

353 3571 464 3627 terant
479 3572 512 3626 et
530 3558 694 3646 inprimis
710 3559 749 3622 in
765 3557 947 3643 fugitivos,
967 3556 1028 3638 qui
1044 3566 1121 3642 post
1132 3557 1293 3621 ultimum
1314 3561 1476 3676 proelium
1492 3581 1513 3622 a
1529 3563 1649 3624 Crasso
1663 3565 1759 3628 cruci

353 3645 631 3753 affigebantur„
617 3685 738 3727 ι.-ιι
742 3660 940 3730 Graviori
970 3662 1081 3748 bello,
1105 3683 1167 3746 quc
1163 3642 1426 3745 prohibituri
1445 3671 1637 3745 uenerant,
1661 3663 1762 3732 socii

310 3767 321 3774 “
351 3767 500 3860 frigere.
523 3781 599 3855 apta
626 3779 659 3834 ct
680 3771 848 3842 concinna
871 3769 1047 3833 ciacconii
1070 3769 1264 3848 conjectura
1280 3763 1444 3862 fregere.
1475 3768 1542 3832 Sed
1561 3775 1632 3832 tum
1657 3769 1762 3834 etiam
1869 3841 1873 3850 ¹

352 3877 474 3944 socios
491 3879 745 3943 emendandum
764 3882 830 3954 est3
860 3893 972 3956 neque
992 3874 1094 3938 Debr.
1114 3873 1352 3962 interpretatio
1376 3871 1584 3953 rejicienda,
1605 3874 1668 3956 qui
1686 3877 1761 3942 haec

354 3983 399 4045 ad
417 3981 630 4046 Fimbrianas
649 3981 805 4068 legiones
822 3980 995 4065 pertinere
1010 3978 1158 4058 judicat3
1189 3979 1318 4064 quippe
1342 3998 1418 4062 quae
1448 3999 1469 4042 a
1498 3979 1594 4042 Sulla
1621 3979 1660 4042 in
1679 3982 1760 4064 Asia

267 4107 271 4116 ’
353 4086 502 4165 relictae,
523 4087 670 4173 primum
688 4091 842 4152 Murena
858 4087 944 4148 duce
964 4093 998 4149 et
1014 4087 1138 4169 posteaj
1147 4084 1249 4149 sociis
1267 4084 1376 4172 magis
1395 4080 1494 4150 onesi
1515 4105 1620 4166 quam
1642 4087 1762 4170 praesi-

356 4193 416 4258 dio
428 4181 576 4258 luemn't.
599 4213 710 4276 neque
731 4193 823 4256 bello
828 4187 977 4279 frigere
997 4189 1068 4253 dici
1088 4209 1186 4274 posse
1203 4189 1411 4274 putaverim3
1433 4208 1512 4251 nam
1527 4191 1624 4254 bello
1640 4199 1762 4256 exorto

356 4296 473 4383 potius
502 4299 613 4365 celent
645 4307 679 4366 et
706 4299 852 4383 flagrant
881 4293 1016 4371 omnia,
1057 4294 1238 4378 ipsumque
1268 4292 1401 4360 bellum
1421 4295 1607 4379 'sepissime
1639 4299 1763 4383 ardore
