4282 5390
413 516 462 606 la

414 709 478 792 qui
497 725 571 770 non
589 705 634 768 ab
654 703 758 767 armis
778 704 1008 782 recesserunt,
1036 696 1076 761 in
1098 692 1212 760 officio
1233 694 1415 773 retineret;
1446 713 1534 776 quos
1556 695 1742 763 Glabrioni
1757 709 1828 766 tra-

414 813 515 878 didit.
535 814 657 875 Postea
672 809 821 894 imperio
839 813 959 871 contra
978 802 1214 868 Mithridatem
1236 804 1283 864 ad
1308 800 1511 885 Pompejum
1529 801 1661 890 delato,
1682 826 1761 870 cum
1784 828 1826 874 eo

414 923 459 986 de
478 917 617 1000 injuriis
638 916 707 982 sibi
725 913 833 978 illatis
852 909 1099 999 expostulavit,
1119 913 1214 994 quod
1233 907 1296 975 ille
1323 907 1444 976 omnia
1472 907 1545 973 tere
1575 910 1714 975 Luculli
1736 920 1829 997 acta,

414 1045 491 1106 quae
513 1028 558 1086 ad
580 1005 797 1107 provinciam
817 1019 1046 1084 ordinandam
1064 1017 1302 1105 pertinebant,
1323 1013 1471 1079 rescindi
1483 1014 1638 1094 jusserat.
1647 1017 1684 1100 θ)
1723 1079 1728 1096 ,

494 1131 562 1194 Sed
575 1127 759 1214 Pompeio,
781 1149 860 1192 cum
874 1130 919 1192 ad
932 1107 1064 1192 bellum
1079 1126 1269 1210 gerendum
1287 1143 1360 1190 sese
1376 1123 1588 1210 accingeret,
1607 1124 1726 1188 omnia
1739 1126 1829 1190 bene

415 1243 450 1300 et
462 1255 626 1320 prospere
641 1225 847 1320 processere.
867 1239 953 1297 Nam
970 1241 1004 1295 et
1029 1251 1050 1292 a
1075 1233 1239 1307 Phraate,
1259 1228 1393 1294 Arsacis
1408 1229 1504 1315 filio,
1517 1232 1723 1295 Parthorum
1737 1250 1831 1316 rege,

416 1361 518 1424 quem
528 1345 574 1404 ad
584 1341 745 1406 amicitiae
761 1340 870 1404 foedus
882 1339 1101 1424 jungendum
1120 1336 1296 1421 invitavit,
1313 1336 1504 1421 benignum
1521 1354 1724 1420 responsum
1741 1336 1832 1399 tule-

413 1453 484 1525 rat,
507 1455 542 1510 et
558 1445 768 1509 inArmenia
782 1443 965 1506 discordiis
979 1441 1172 1505 domesticis
1193 1442 1300 1525 ortis,
1319 1441 1419 1504 nulla
1437 1440 1521 1506 inde
1539 1441 1736 1505 Mithridati
1753 1459 1829 1523 spes

415 1548 541 1612 auxilii
566 1549 644 1613 fuit.
676 1549 745 1630 Qui
772 1547 914 1626 quidem
944 1543 1049 1609 initio
1080 1544 1243 1610 omuibus
1270 1546 1365 1631 pacis
1383 1539 1831 1628 'conditionibus'rejectis,

410 1671 497 1716 mox
520 1675 599 1717 cum
617 1673 654 1716 se
676 1650 845 1734 imparem
874 1652 1039 1737 Pompejo
1068 1649 1297 1738 intelligeret,
1324 1673 1346 1715 a
1373 1650 1444 1716 suis
1460 1650 1596 1715 bellum
1625 1668 1832 1735 componere

417 1757 639 1846 prohibitus,
663 1777 802 1820 moram
818 1764 852 1821 et
872 1759 1068 1823 tarditatem
1089 1759 1184 1824 bello
1205 1757 1334 1824 inferre
1347 1756 1571 1839 hostiumque
1594 1756 1762 1841 impetum
1780 1754 1834 1820 rei

415 1861 649 1927 frumentariae
668 1862 790 1949 inopia
809 1863 968 1950 frangere
985 1866 1127 1930 studuit.
1149 1865 1262 1952 Igitur
1282 1863 1445 1929 omnibus
1460 1864 1552 1929 circa
1571 1861 1728 1946 vastatis,
1747 1869 1835 1924 cast-

416 1966 535 2047 risque
553 1968 632 2032 loco
650 1970 786 2033 munito
814 1971 952 2055 positis,
973 1991 1036 2054 per
1055 1971 1200 2054 aliquod
1216 1981 1350 2056 tempus
1365 1970 1519 2036 hostiurn
1536 1969 1685 2056 impetus
1700 1986 1832 2052 repres-

416 2072 462 2135 sit
487 2093 526 2137 ac
547 2076 744 2140 retardavit.
770 2077 838 2142 Sed
861 2077 1012 2168 equestri
1030 2079 1155 2161 proelio
1174 2078 1286 2142 victus
1304 2097 1410 2140 unam
1431 2075 1553 2140 salutis
1574 2094 1670 2158 spem
1691 2074 1731 2137 in
1753 2073 1836 2158 fuga

415 2177 552 2259 posuit,
582 2178 779 2254 iterumque
805 2199 879 2237 non
900 2182 1025 2257 procul
1044 2183 1090 2242 ab
1109 2184 1283 2267 Euphrate
1301 2189 1472 2243 nocturno
1493 2179 1619 2260 proelio
1639 2193 1838 2258 oppressus,

417 2301 497 2344 cum
522 2269 642 2364 paucis
663 2279 839 2358 equitibus
864 2279 1069 2343 Colchidem
1098 2289 1133 2344 et
1160 2282 1326 2364 paludem
1347 2281 1546 2344 Maeotidem
1578 2279 1719 2362 petivit,
1739 2281 1836 2344 utin

415 2385 562 2450 Taurica
585 2385 797 2448 Chersoneso
822 2385 957 2448 bellum
975 2388 1161 2464 repararet.
1181 2383 1367 2461 Pompejus
1386 2384 1495 2462 igitur
1514 2385 1559 2442 ab
1582 2385 1740 2446 hostibus
1757 2405 1838 2468 per-

416 2483 603 2572 sequendis
629 2489 669 2551 in
696 2479 895 2547 Armeniam
929 2500 1105 2563 reversus,
1135 2481 1213 2561 ipso
1238 2480 1330 2564 regis
1354 2479 1430 2542 filio
1459 2483 1564 2557 duee,
1592 2486 1694 2569 regni
1723 2507 1838 2553 arcem

416 2598 577 2660 Artaxata
601 2587 706 2670 cepit,
726 2594 761 2650 et
780 2582 1030 2648 dissensionem
1051 2583 1144 2647 inter
1159 2590 1293 2668 patrem
1310 2591 1345 2650 et
1365 2581 1480 2648 filium
1495 2594 1607 2650 ortam
1626 2587 1677 2652 ita
1698 2612 1837 2678 compo-

417 2697 503 2776 suit,
524 2702 564 2755 ut
580 2689 723 2776 Tigrani
737 2689 813 2773 regi
831 2687 982 2771 patrium
999 2709 1163 2774 regnum,
1185 2690 1301 2774 Syria,
1321 2690 1502 2776 Phoenice,
1524 2695 1761 2780 Cappadocia,
1781 2719 1838 2763 re-

418 2799 613 2880 liquisque,
640 2812 726 2876 quas
749 2792 914 2855 Lucullus
934 2800 1206 2879 expugnaverat,
1237 2794 1338 2860 terris
1365 2795 1535 2880 exceptis,
1566 2799 1781 2887 restitueret,
1802 2813 1837 2867 ct

418 2904 534 2966 lilium
553 2903 732 2984 Sophenes
748 2907 790 2968 ,et
807 2883 1009 2983 Gordyenes
1028 2918 1147 2984 regem
1169 2897 1402 2966 constitueret.
1423 2903 1535 2986 Quem
1558 2905 1701 2984 quidem
1717 2917 1836 2989 postea

418 3008 476 3072 his
497 3004 763 3072 condicionibus
784 3023 907 3088 parum
926 3012 1143 3090 contentum,
1172 3007 1354 3074 etbellum
1378 3007 1566 3094 fugamque
1585 3006 1775 3096 agitantem
1797 3015 1836 3075 in

420 3113 560 3176 vincula
575 3110 740 3192 conjecit,
768 3129 960 3195 magnaque
978 3101 1137 3174 hostibus
1160 3114 1309 3198 pecunia
1328 3114 1515 3200 imperata,
1536 3115 1575 3177 in
1599 3116 1758 3184 Armenia
1781 3119 1837 3181 hi-

421 3217 591 3282 bernavit.
608 3218 675 3281 Sed
700 3234 745 3279 ne
768 3201 880 3280 biems
899 3216 1042 3296 quidem
1058 3217 1163 3280 bellis
1182 3237 1300 3281 vacua.
1329 3214 1479 3285 Nam'ab
1501 3223 1716 3287 Albanorum
1737 3243 1837 3310 rege,

486 3531 538 3608 3)
561 3531 652 3595 Plut.
669 3533 805 3596 Lucull.
824 3553 853 3599 c.
874 3535 924 3595 35.
949 3533 1000 3593 36.
1018 3529 1205 3616 'Pompejus
1220 3533 1308 3592 adeo
1326 3531 1455 3598 milites
1469 3553 1490 3595 a
1507 3537 1654 3613 Lucullo
1675 3557 1857 3606 avocate·

422 3645 486 3701 rat.
505 3639 595 3701 Plut.
616 3639 810 3722 Pomp.'31.
840 3637 900 3701 Cic
921 3657 986 3722 pro
1006 3637 1083 3722 lege
1101 3634 1246 3700 Manilia
1266 3655 1294 3700 c.
1316 3637 1371 3698 ab.
1400 3640 1535 3734 «Hujus
1551 3641 1645 3723 (scil.
1662 3644 1836 3732 Pompeji)
1861 3653 1866 3659 '

422 3747 589 3807 adventus
616 3751 651 3807 et
679 3743 919 3808 Mithridatem
945 3743 1088 3819 insolita
1119 3741 1370 3806 inflammatum
1399 3744 1545 3809 victoria
1578 3747 1770 3834 continuit,
1802 3762 1836 3815 et

423 3847 609 3934 Tigranem
627 3847 762 3934 magnis
784 3848 894 3932 copiis
912 3848 1131 3911 minitantem
1146 3844 1237 3912 Asiae
1257 3849 1475 3917 retardavit»
1502 3853 1604 3936 Quod
1629 3854 1771 3937 quidem
1791 3861 1835 3922 ad

422 3935 681 4033 expeditionem
705 3952 860 4036 Pompeji
889 3952 931 4013 in·
959 3953 1118 4016 Ciliciam
1152 3952 1276 4016 factam
1300 3953 1471 4038 pertinet,
1497 3959 1647 4041 satisque
1668 3962 1836 4045 declarat,

398 4077 488 4136 ,eur
509 4056 601 4118 nihil
626 4058 853 4122 memorabile
878 4077 923 4124 ne
945 4057 989 4120 ab
1014 4055 1172 4120 hostibus
1190 4058 1333 4141 quidem
1349 4067 1484 4144 gestum
1508 4062 1562 4125 sit.
1594 4068 1778 4150 Caeterum,
1806 4067 1837 4130 si

426 4163 534 4226 Fastis
557 4161 826 4246 triumphalibus
852 4163 938 4257 fides
961 4163 1140 4247 habenda,
1172 4165 1337 4230 Lucullus
1356 4147 1505 4230 nonnisi
1522 4168 1624 4247 tertio
1643 4191 1735 4234 anno
1758 4181 1836 4256 post

427 4287 468 4332 ex
496 4269 626 4344 Ponto,
654 4270 886 4354 Cappadocia,
916 4269 1099 4345 Armenia,
1131 4272 1175 4336 de
1200 4271 1354 4358 Regibus
1385 4272 1587 4340 Mithridate
1612 4283 1646 4342 ct
1669 4277 1835 4365 Trigrane

426 4372 662 4457 triumphavit.
1024 4386 1027 4391 '
1338 4361 1349 4388 ἢ
1578 4397 1586 4410 “
