4334 5354
1629 443 1696 534 541

290 651 357 728 inp.
377 637 433 704 iin.
456 654 537 704 mare
556 636 689 700 Africam
708 647 735 699 r.
757 631 809 700 sed
830 653 895 719 sup.
916 629 972 700 liu.
994 655 1024 696 a.
1047 654 1128 699 mace
1147 635 1279 698 Africam
1303 657 1331 697 x.
1352 635 1476 704 nomine
1497 637 1640 700 nurnidiae
1659 657 1702 700 xc.

289 751 442 833 possedere
463 767 487 812 r.
508 745 701 825 adpeliaptur
720 749 751 806 b.
774 743 882 804 deinde
902 746 1025 824 utrique
1041 761 1069 804 x.
1109 763 1211 824 ·¹9··
1231 745 1340 804 senices
1361 746 1393 803 b.
1413 742 1543 804 sollicita
1560 748 1649 823 plebe
1668 749 1702 806 b.

290 859 323 919 in
345 873 397 918 ors
417 854 514 914 masit.
536 871 593 912 οη.
616 870 714 930 curque
734 852 817 916 brevi
838 853 885 912 br.
904 847 1011 908 deinde
1031 845 1108 908 Phil.
1124 853 1209 912 'bern
1238 859 1385 932 aegyptum
1405 864 1522 912 versum
1543 867 1569 912 a.
1593 869 1634 937 tn.
1656 869 1702 928 pr.

290 961 508 1024 mauretaniam
521 979 548 1019 z.
570 958 583 1016 ι’
600 973 665 1038 sup.
683 957 738 1018 lin.
754 989 796 1004 ·-
811 957 881 1018 finis
898 975 914 1014 e
932 975 998 1036 sup.
1011 957 1066 1014 liu.
1081 975 1102 1016 r„
1121 967 1151 1014 et
1168 954 1317 1016 Numidica
1329 975 1357 1014 xi
1370 952 1561 1020 muluccham
1579 973 1607 1013 x.
1625 957 1702 1014 bec-

290 1072 386 1129 cusb·
408 1067 496 1128 nobis
515 1067 596 1124 bello
618 1081 715 1143 neque
735 1077 851 1142 paces.
873 1060 1020 1141 ecgnitus.
1042 1069 1204 1141 crat'eup.
1225 1062 1280 1120 lin.
1301 1063 1334 1120 b.
1356 1079 1458 1128 ·²0.··
1479 1058 1634 1120 decessere
1655 1058 1703 1118 dis

288 1191 356 1252 sup.
377 1174 467 1240 linsx.
489 1189 596 1231 cessere
606 1171 638 1232 b.
659 1189 728 1228 cum
750 1167 846 1250 glossa
867 1163 1030 1226 redicre-
1050 1174 1164 1228 certum
1186 1186 1245 1226 esse
1267 1171 1386 1226 retusb.
1405 1167 1541 1226 animum
1563 1163 1703 1224 accendit

288 1297 317 1340 ι.
338 1277 446 1338 deinde
467 1297 536 1338 cum
558 1275 643 1338 omni
664 1276 793 1336 mults.
814 1273 939 1352 injurias
960 1293 1087 1332 manue.
1109 1273 1198 1332 etiem
1221 1274 1253 1333 in
1275 1291 1301 1340 z.
1324 1291 1390 1334 suas
1410 1272 1529 1352 punctis
1550 1279 1699 1342 notetum3

289 1382 371 1444 misit
400 1393 536 1462 questum
557 1401 585 1440 x.
618 1389 715 1440 totum
737 1397 863 1460 regnum
891 1385 954 1456 ejus
974 1382 1023 1440 bc.
1055 1389 1141 1438 antee
1162 1377 1336 1460 praedatoria
1357 1399 1384 1440 c.
1411 1379 1501 1438 ctiam
1523 1377 1555 1436 in
1576 1396 1600 1436 z.
1633 1393 1701 1434 cum

289 1489 408 1567 punctis
429 1497 586 1559 notatum
608 1485 734 1546 exercitu
757 1503 868 1566 magno
890 1504 1030 1564 conpr.
1053 1504 1290 1548 dtu-somnos
1311 1503 1340 1544 es
1360 1504 1427 1566 sup.
1447 1487 1546 1542 lini).
1568 1481 1629 1540 duo
1650 1500 1699 1540 rc-

289 1611 339 1672 ges
351 1611 393 1652 m.
406 1612 453 1674 pr.
465 1615 480 1654 s
493 1613 534 1658 m.
551 1611 611 1654 sec.
629 1589 758 1651 addidit.
772 1591 810 1672 ab
830 1586 952 1650 herbale
965 1610 992 1654 x.
1007 1609 1030 1660 z,
1050 1612 1092 1656 rn.
1110 1607 1157 1673 pr.
1174 1591 1225 1652 sed
1240 1595 1274 1652 in
1289 1610 1313 1656 z.
1328 1611 1395 1670 sup.
1412 1586 1587 1654 lin-,hos
1595 1589 1700 1651 ambos

285 1717 317 1758 ι.
337 1719 378 1758 m.
399 1719 445 1780 pr.
467 1699 662 1780 adulescentis
680 1716 704 1756 z.
725 1695 887 1772 discedere,
912 1702 954 1758 ita
976 1715 1063 1778 reque
1085 1699 1206 1779 illisque
1226 1715 1267 1760 xz.
1291 1695 1416 1774 (reliqua
1437 1693 1568 1770 omissa).
1598 1709 1702 1750 -22.·

285 1805 463 1864 auctoritate
483 1815 601 1864 senatus
622 1825 681 1866 csse
704 1807 786 1866 bcsz.
817 1802 929 1862 adoles.
947 1823 1001 1860 sua
1022 1807 1071 1860 cb.
1092 1814 1126 1858 ut
1146 1806 1184 1858 ab
1206 1809 1270 1878 opt.
1291 1820 1333 1862 xz.
1357 1802 1390 1858 in
1412 1819 1504 1879 regno
1524 1796 1699 1874 adoptatum

285 1910 317 1965 h.
336 1909 418 1988 quod
436 1913 524 1989 plura
538 1914 604 1972 box.
622 1913 655 1970 in
670 1912 731 1970 nd
747 1927 815 1986 sup.
832 1907 888 1966 lin.
906 1937 949 1954 -
963 1905 1028 1964 vitre
1044 1903 1134 1962 incid.
1153 1902 1224 1978 (ecce
1235 1902 1375 1980 suplin.)
1389 1921 1417 1960 x.
1436 1901 1522 1980 copie
1537 1903 1650 1980 appell.
1664 1906 1699 1960 b.

286 2011 337 2075 aff.
359 2032 408 2070 eos
428 2013 581 2072 decessisse
589 2017 621 2074 h.
642 2013 729 2070 turris
750 2029 778 2069 x.
800 2011 908 2068 extruit
925 2011 975 2070 hc.
996 2015 1141 2066 extructa.
1163 2026 1204 2064 m.
1225 2024 1323 2084 pr.··-·
1342 2013 1394 2064 aut
1413 2022 1467 2082 per
1486 2008 1548 2064 rim
1574 2004 1652 2064 dolis
1672 2027 1701 2066 r.

285 2117 407 2194 premia
428 2115 520 2174 modo
541 2117 632 2176 torm.
650 2137 676 2176 x.
699 2115 840 2174 infestum
861 2114 918 2174 sibi
939 2133 964 2172 n
990 2131 1058 2171 suos
1080 2110 1194 2172 orando
1216 2108 1254 2166 ad
1274 2111 1332 2170 virt
1352 2112 1384 2166 b.
1419 2107 1547 2171 ortando
1567 2127 1592 2166 z.
1623 2111 1699 2168 erri-
1768 2187 1770 2192 ,

254 2223 259 2228 ’
286 2241 353 2303 gere
373 2241 397 2279 z.
429 2241 511 2300 spem
534 2223 614 2282 auxil
635 2227 668 2285 h.
697 2239 759 2283 non
791 2239 874 2299 posse
898 2216 976 2278 trahi
996 2223 1029 2282 b.
1056 2237 1090 2278 ex
1107 2220 1139 2276 “is
1164 2217 1216 2295 qui
1244 2234 1305 2276 una
1328 2218 1360 2274 b.
1402 2225 1503 2284 -πμ-
1522 2211 1696 2274 dehortetur

286 2347 334 2386 mc
354 2345 410 2386 cnr„
432 2344 515 2408 regn.
534 2334 606 2386 rest.
625 2345 651 2384 a.
675 2335 697 2385 t.
717 2328 747 2386 h.
777 2327 820 2384 vis
839 2343 890 2386 vra
913 2343 973 2404 que
995 2327 1061 2382 bcx.
1083 2325 1116 2381 in
1138 2343 1162 2385 z.
1185 2341 1205 2378 a
1224 2341 1289 2401 sup.
1312 2321 1369 2378 lin.
1391 2318 1441 2378 sed
1465 2339 1506 2378 sn.
1526 2337 1572 2399 pr.
1596 2338 1615 2378 u
1638 2337 1696 2395 quc
1727 2343 1734 2354 ·

285 2463 328 2481 -
348 2451 395 2490 me
419 2450 453 2492 ex
471 2429 584 2490 manib.
605 2447 669 2490 er.
683 2447 724 2492 m.
743 2449 790 2510 pr.
811 2463 827 2476 -
840 2421 913 2490 252-
933 2430 1081 2510 plerisque
1104 2428 1219 2510 negotis
1233 2447 1260 2485 z.
1282 2429 1409 2486 alterurn
1431 2423 1444 2482 ι’
1465 2444 1531 2505 sup.
1544 2425 1606 2482 tin.
1628 2445 1696 2484 arn-

284 2537 343 2618 plis
361 2533 528 2596 honoribus
547 2537 592 2596 uei
612 2541 817 2598 consecutus
839 2537 979 2616 princepe
1006 2553 1029 2594 r.
1052 2555 1094 2594 m.
1115 2555 1162 2615 pr.
1185 2534 1314 2594 secunda
1335 2554 1349 2594 s
1371 2531 1479 2594 delevit
1500 2541 1529 2592 et
1548 2530 1585 2590 s'n
1605 2549 1712 2612 supre-

283 2642 339 2706 lin.
355 2641 500 2722 adpinxit.
522 2641 613 2702 simul
630 2661 647 2700 a
667 2642 802 2703 numidis
824 2661 849 2701 c.
871 2663 978 2704 navem
996 2661 1037 2702 cz.
1059 2644 1153 2703 scelus
1175 2642 1438 2721 rapiebaturbcxa.
1461 2638 1551 2698 ducta
1563 2641 1626 2698 ber.
1649 2659 1695 2698 se·

284 2745 374 2806 ducta
395 2766 423 2811 x.
466 2746 665 2814 -26.-fidei
691 2745 847 2829 iugurthae
876 2747 1127 2806 armatusfuerat
1151 2765 1178 2804 x.
1206 2753 1236 2802 ct
1257 2764 1282 2802 s.
1319 2764 1360 2802 m.
1382 2761 1441 2805 sec.
1483 2761 1584 2822 -27.-
1605 2763 1640 2804 ac
1660 2744 1694 2803 ni
1753 2724 1755 2730 ⁵

281 2852 443 2912 memmius
463 2870 492 2912 x.
522 2850 586 2908 Hac
605 2853 639 2912 ni
660 2853 691 2908 b.
714 2859 750 2908 tr.
770 2852 814 2930 pl.
835 2853 949 2930 legatus
972 2849 1138 2927 disignatus
1158 2867 1200 2905 cc.
1224 2848 1285 2922 iege
1304 2845 1481 2923 sempronia.
1505 2846 1547 2920 (h.
1569 2851 1592 2903 i.
1607 2850 1640 2905 in
1660 2853 1692 2908 b.

281 2953 343 3016 hacc
362 2961 460 3038 glossa
478 2958 511 3016 in
531 2957 664 3036 margine
684 2954 850 3032 adscripta:
873 2953 945 3029 quia
969 2953 1040 3029 lege
1050 2947 1220 3027 sempronia
1245 2945 1396 3007 decretum
1417 2949 1512 3008 suerat
1536 2959 1571 3008 ut
1589 2953 1693 3033 singu-

281 3065 319 3120 lis
339 3063 426 3120 annis
442 3065 653 3116 renovarentur
674 3057 808 3119 consules
824 3061 853 3110 et
874 3057 948 3110 alter
966 3053 999 3110 in
1022 3053 1108 3110 italia
1129 3062 1308 3128 remuneret,
1329 3056 1404 3117 alter
1419 3073 1488 3114 vero
1506 3055 1539 3114 in
1558 3061 1692 3118 extremis

282 3165 367 3224 terris
389 3165 503 3222 bellurn
530 3160 651 3242 gereret)
672 3160 807 3237 aliaque,
828 3173 882 3232 quc
899 3175 967 3236 sup.
991 3155 1047 3214 lin.
1067 3158 1113 3238 vel
1128 3141 1250 3237 quaque
1265 3179 1292 3218 c.
1315 3167 1402 3238 etque
1422 3161 1482 3220 clia
1502 3183 1529 3221 x.
1551 3165 1573 3222 1.
1595 3165 1692 3225 bestie

281 3269 445 3348 cuipuruio
465 3286 491 3328 s.
530 3255 633 3324 228.-
653 3263 757 3324 omnia
775 3263 891 3324 venalia
920 3281 1010 3322 comte
1030 3265 1063 3326 b.
1091 3283 1158 3343 sup.
1181 3264 1236 3322 lin.
1258 3283 1316 3324 csse
1336 3266 1357 3324 i.
1385 3267 1489 3326 evend.
1510 3271 1557 3328 rel
1580 3290 1689 3330 renum

280 3369 541 3436 ire-inhereret
559 3391 603 3432 cr.
621 3371 718 3450 iisque
740 3369 784 3428 uti
804 3369 866 3427 illie
890 3389 915 3428 z.
937 3369 982 3428 uti
1006 3369 1066 3427 illis
1086 3371 1154 3428 ber.
1175 3370 1308 3450 precipit
1328 3391 1385 3432 οη.
1401 3383 1436 3433 ut
1448 3373 1576 3452 pecunie
1590 3379 1622 3440 b,
1650 3376 1691 3435 ii-

281 3500 342 3560 que
363 3479 514 3542 decrcrere
530 3498 554 3538 z.
574 3475 625 3537 sed
651 3474 683 3536 ha
703 3496 772 3557 sup.
792 3477 845 3562 lin.
859 3508 902 3524 -
917 3484 947 3534 et
967 3475 1065 3556 ipsum
1088 3477 1122 3538 b.
1145 3485 1263 3534 senatus
1281 3474 1400 3536 decreto
1423 3499 1450 3538 c.
1473 3475 1534 3554 (sed
1550 3499 1598 3542 ‚nn
1614 3497 1661 3558 pr.
1678 3479 1692 3538 i

282 3584 427 3664 scripsisse
448 3581 575 3659 videtur)
604 3592 722 3644 sanetus
752 3582 921 3648 auctoritas.
946 3593 973 3640 te
1000 3601 1066 3662 sup.
1091 3581 1147 3641 lin.
1171 3603 1195 3642 z.
1232 3585 1422 3665 multumque
1451 3587 1537 3644 bonae
1561 3595 1636 3644 artes
1660 3605 1688 3646 x.

280 3690 378 3750 animi
397 3697 472 3750 artes
494 3692 525 3747 b.
548 3690 730 3766 peritaliem
753 3689 865 3770 regium
888 3686 919 3750 h.
938 3708 1004 3769 sup.
1028 3689 1083 3747 lin.
1105 3709 1129 3748 s.
1154 3709 1189 3750 ex
1205 3688 1298 3748 silicia
1322 3689 1366 3748 id.
1391 3689 1497 3750 acriter
1515 3691 1688 3768 calpurnius

280 3815 308 3856 x.
348 3812 457 3870 -sp-
475 3793 577 3852 statuit
601 3813 669 3854 cum
689 3814 734 3854 co.
755 3791 779 3852 is
797 3813 837 3852 m.
857 3811 914 3854 sec.
932 3813 958 3852 r.
979 3815 995 3851 s
1016 3796 1188 3854 consulibus
1209 3795 1355 3861 sextiusx.
1375 3815 1478 3876 vegam
1501 3814 1527 3858 c.
1548 3815 1614 3874 sup.
1630 3797 1687 3856 lin.

280 3921 306 3977 r,
334 3899 395 3960 inr.
422 3900 468 3962 sui
487 3899 556 3960 secti
578 3903 607 3959 b.
641 3919 710 3959 cum
732 3901 825 3959 hestia
852 3909 961 3958 secrete
994 3910 1024 3958 et
1048 3920 1153 3960 scauro
1175 3905 1207 3960 b.
1236 3910 1346 3960 secreto
1365 3920 1389 3962 z.
1413 3911 1487 3962 tent·
1510 3901 1620 3984 estquis.
1643 3921 1687 3964 cx.

280 4027 338 4090 pax
357 4008 497 4088 agebatur
513 4005 565 4078 ¹sed
586 4023 653 4086 sup.
664 4005 720 4064 lin.
742 4005 912 4084 agitabatur·
926 4025 950 4066 z.
992 4008 1095 4068 -rn-
1114 4007 1147 4066 in
1166 4007 1300 4067 Africam
1320 4017 1415 4089 gestas
1429 4029 1453 4068 r.
1476 4024 1609 4084 monere
1617 4031 1650 4090 p.
1661 4029 1686 4070 r.
1750 3995 1752 4000 ’

243 4108 248 4148 ³
282 4113 444 4174 emereri
471 4131 498 4174 r.
517 4133 548 4192 p.
572 4131 599 4174 x.
632 4111 748 4176 moneri
772 4132 798 4172 r.
828 4135 862 4194 p.
887 4132 914 4173 x.
941 4133 981 4172 ne
1001 4114 1054 4174 lib.
1077 4111 1102 4180 a.
1136 4113 1260 4172 Memmi
1281 4113 1421 4180 facundie
1448 4135 1471 4174 z.
1500 4133 1565 4178 eam
1588 4115 1685 4176 dicam

282 4235 372 4299 quarn
392 4224 458 4286 bcx.
479 4237 545 4282 eam
566 4217 596 4278 d.
621 4237 686 4300 quac
707 4217 773 4286 (scd
795 4221 907 4280 linecle
930 4241 997 4302 sup.
1023 4241 1125 4282 vocem
1148 4216 1294 4300 adpicta).
1315 4217 1438 4280 discruit
1456 4241 1481 4283 z.
1524 4219 1621 4286 -se-
1641 4219 1686 4278 his

280 4323 445 4402 urnisiffl
462 4347 490 4392 r.
513 4323 590 4388 fccde
608 4341 726 4408 quoquc
743 4324 835 4384 inulti
853 4347 880 4386 x.
904 4327 1034 4388 inimicis
1054 4327 1173 4406 surgitis
1192 4345 1219 4388 x.
1242 4327 1285 4388 ire
1308 4325 1434 4389 obviam·
1447 4345 1474 4394 x,
1496 4327 1604 4388 suimet
1630 4324 1687 4404 ipsi
