4230 5348
362 467 438 544 ‘128

361 653 569 748 Priscian.,p.
587 658 656 746 778.
668 663 827 725 Bmman.
840 657 885 719 ad
897 656 1051 741 Propert.
1065 678 1100 741 p.
1113 677 1190 737 119:
1208 656 1384 738 multaque
1393 660 1548 744 exempla
1555 665 1648 745 apud
1660 663 1762 728 Plau-

360 779 435 834 tum
461 778 496 833 et
515 765 721 830 Lucretium.
747 779 776 824 e.
799 781 850 845 gr.
868 762 961 823 Asin.
985 779 1014 824 2.
1034 779 1063 824 2.
1087 764 1135 826 5ο.
1149 751 1233 826 „um
1253 765 1386 826 Lucret.
1406 765 1435 824 3.
1456 765 1531 842 984:
1562 763 1635 830 imo
1654 769 1761 832 Gaesa·

358 897 452 955 rem,
478 869 661 954 Virgilium
695 867 877 949 ipsumque
906 867 1108 930 Ciceronem
1130 869 1195 930 hac
1214 867 1324 931 forma
1352 867 1475 952 saepius
1488 889 1579 948 usos
1597 870 1671 949 jam
1699 872 1761 938 diu

357 980 522 1038 notarunt
548 969 781 1033 Grammatici.
810 971 922 1056 Igitur
947 969 1100 1051 dativum
1122 988 1194 1037 esse
1212 982 1246 1036 et
1266 974 1340 1057 ipse
1357 963 1569 1057 putaverim,
1589 978 1649 1038 sed
1670 977 1762 1038 anti-

357 1079 516 1162 quiorem
533 1075 682 1139 formam
702 1074 919 1139 retinendam
943 1095 1014 1140 esse
1028 1097 1168 1162 censeo,
1189 1097 1265 1160 quae
1284 1081 1379 1142 haud
1396 1078 1506 1142 dubie
1516 1080 1619 1142 etiam
1640 1080 1760 1144 multis

353 1185 437 1250 aliis
455 1181 543 1246 locis
562 1189 613 1260 est
633 1181 854 1245 restituenda.
884 1187 1019 1245 curata
1038 1187 1134 1263 quod
1153 1183 1276 1266 saepius
1292 1204 1347 1266 ap.
1367 1185 1554 1246 Salustium
1576 1186 1614 1248 in
1635 1207 1672 1249 re
1692 1186 1759 1248 mi·
1844 1175 1847 1180 ⁸

355 1288 452 1356 litari
488 1293 688 1371 usurpatur,
719 1307 792 1349 non
822 1287 995 1351 debebant
1019 1287 1060 1349 in
1078 1289 1225 1352 dubium
1246 1309 1368 1352 vocare
1389 1289 1603 1372 interpretes.
1617 1295 1759 1371 paratu
1864 1295 1868 1304 '

351 1395 415 1460 cfr.
431 1397 510 1458 Tac.
533 1393 623 1455 Hist.
643 1415 672 1453 2.
701 1395 751 1469 84.
767 1395 821 1472 95.
839 1396 919 1478 Agr.
947 1387 997 1456 25.
1016 1393 1242 1476 scriptorum
1264 1393 1357 1478 Lips.
1383 1396 1506 1478 Quaest.
1528 1395 1632 1476 Epist.
1654 1409 1756 1469 414:

347 1494 645 1583 proscriptorum
674 1497 837 1580 conjecit,
867 1488 965 1561 acute
989 1499 1156 1582 quidem,
1189 1503 1249 1563 sed
1285 1500 1370 1562 citra
1398 1501 1650 1578 necessitatem¹3
1675 1518 1757 1559 nam

350 1605 468 1688 plures
490 1604 672 1687 scriptores
691 1603 813 1686 fuisse,
846 1604 908 1685 qui
929 1605 1031 1683 hujus
1056 1605 1220 1689 temporis
1238 1614 1291 1667 r'es
1310 1587 1538 1687 illustrarent,
1563 1606 1636 1687 ipse
1656 1603 1755 1665 Salu-

347 1709 437 1774 'stius
458 1712 558 1772 docet
577 1709 658 1792 Jug.
681 1711 734 1788 95:
763 1708 906 1773 fortasse
933 1711 1066 1772 Sullam
1085 1709 1200 1792 ipsum
1223 1718 1257 1778 et
1278 1689 1459 1773 Sisennam
1491 1709 1608 1771 innuit
1626 1717 1753 1777 auctor.

350 1813 472 1878 mireris
496 1811 681 1877 celebrata
711 1799 954 1897 Harercampii
986 1824 1035 1878 est
1073 1815 1262 1898 scriptura,
1304 1835 1380 1895 quae
1411 1815 1580 1898 particula
1613 1822 1755 1898 propter

347 1921 453 1984 finem
476 1927 656 2003 postremae
686 1918 781 1981 vocis
816 1919 920 1984 facile
951 1919 1067 1982 omitti
1099 1928 1243 2004 poterat.
1281 1941 1361 2000 quoe
1388 1914 1528 1982 eminus
1548 1915 1656 2008 facie
1683 1937 1754 1978 sua

348 2023 571 2088 ostentabat.
607 2023 755 2104 pessima
774 2027 863 2088 baec
890 2025 1013 2100 lecti03
1045 2025 1161 2106 qnasi,
1194 2045 1270 2107 quae
1302 2025 1474 2088 Sertorius
1504 2015 1668 2105 praeclarb
1701 2019 1754 2080 fa-

350 2128 470 2191 cinora
488 2108 760 2211 perpetraverat,
783 2131 856 2191 haec
878 2127 951 2205 ejus
970 2129 1041 2190 oris
1067 2131 1230 2210 adspectu
1250 2130 1323 2206 jam
1344 2150 1364 2191 e
1387 2129 1582 2210 longinquo
1603 2123 1755 2188 divinari
1812 2137 1820 2162 ⁰

346 2233 554 2317 potuissent3
577 2235 637 2295 sed
649 2223 794 2318 sociem
812 2239 1009 2297 ostentare·
1024 2233 1205 2318 dicuntur,
1232 2235 1294 2315 qui
1314 2247 1355 2297 ea
1375 2211 1572 2317 gloriantur
1586 2239 1619 2294 et
1632 2251 1666 2293 se
1679 2229 1753 2308 jac-

347 2343 438 2416 tant3
460 2333 548 2418 quia
565 2333 709 2418 reliqua
727 2333 891 2426 glorieris
911 2335 1103 2404 retinebat.
1119 2335 1321 2426 gloriosius
1341 2341 1485 2400 Haverc.
1504 2319 1658 2413 conjecit.
1679 2337 1752 2398 haec

346 2443 450 2506 Debr.
484 2442 535 2504 ita
565 2442 828 2526 interpretatur:
859 2449 914 2514 ..et
944 2441 1123 2522 regrettoit
1149 2441 1219 2521 peu
1253 2461 1291 2501 ce
1318 2435 1404 2519 qu'il
1435 2441 1529 2500 avoit
1557 2444 1685 2522 perdu,
1706 2461 1752 2504 au

344 2548 425 2631 prix
445 2550 489 2610 de
505 2567 543 2609 ce
564 2546 700 2626 quilui
720 2565 765 2608 en
781 2543 967 2610 reveuoitst‘
988 2547 1054 2607 hoe
1077 2551 1127 2606 est
1145 2542 1259 2604 verbis
1280 2551 1396 2626 tegere
1410 2541 1654 2626 ignorantiam.
1675 2564 1750 2607 ver·

345 2654 389 2717 tit
419 2655 513 2716 enim
545 2652 644 2734 quasi
669 2652 808 2734 legisset
840 2647 1051 2733 redimebat.
1079 2651 1140 2711 sed
1168 2667 1327 2727 quaenam
1354 2627 1433 2710 suxit
1454 2635 1638 2726 reliqua?
1664 2667 1750 2708 num

302 2808 311 2818 .
345 2739 525 2822 membra?
545 2778 591 2820 an
620 2755 870 2819 inuniversum'
896 2753 1041 2836 dictum,
1063 2755 1181 2827 decus,
1201 2755 1328 2834 honor,
1351 2752 1449 2814 laus?
1476 2755 1535 2814 sed
1554 2753 1749 2833 appositum

342 2860 531 2951 gloriosus
551 2883 595 2925 ne
617 2865 684 2924 hoc
704 2859 847 2944 quidem
868 2853 1009 2940 patitur.
1029 2857 1148 2936 itaque
1166 2856 1249 2918 huic
1273 2858 1352 2919 loco
1372 2857 1508 2919 medela
1534 2857 1747 2919 adhibenda:

342 2987 409 3050 pro
434 2965 617 3029 retinebat
646 2968 792 3035 emendo
821 2962 971 3051 agebot3
1002 2959 1146 3042 reliquo
1178 2970 1217 3022 ut
1246 2968 1381 3026 coetero
1408 2963 1443 3022 h.
1472 2961 1496 3022 l.
1518 2960 1747 3022 accusativum

344 3091 509 3155 graecum,
542 3091 646 3151 quem
664 3072 801 3146 dicunt,
822 3088 895 3132 esse
914 3076 1037 3131 statuo.
1058 3068 1105 3130 ita
1126 3066 1308 3148 reliquum
1332 3065 1601 3156 apud'Plautum
1624 3084 1744 3127 occur-

341 3175 390 3238 rit
396 3177 493 3236 Truc.
504 3177 639 3258 Prolog.
650 3178 704 3254 ι5.
713 3178 772 3239 cfr.
790 3175 882 3238 infra
895 3173 938 3236 fr.
956 3176 1022 3236 180.
1028 3173 1101 3252 jam
1116 3173 1223 3257 igitur
1237 3172 1357 3237 omnia
1367 3169 1564 3232 manifesta:
1577 3171 1749 3234 Sertorius

343 3277 518 3342 cicatrices
527 3287 560 3342 et
571 3273 732 3342 effossum
744 3281 883 3343 oculum
893 3278 1100 3362 nonpudori
1109 3277 1360 3362 habehat7quia
1368 3275 1503 3356 reliqua
1511 3276 1583 3354 ejus
1594 3275 1665 3342 vita
1674 3284 1746 3362 erat
1804 3342 1811 3352 ,
1883 3355 1886 3364 ¹

339 3383 454 3446 laudis
472 3383 683 3467 plenissima.
717 3388 812 3445 -66.·
832 3382 980 3465 Primos
999 3383 1206 3450 Cretenses.
1225 3386 1292 3446 hoc
1312 3382 1529 3446 hauddubie
1552 3385 1595 3442 ad
1614 3381 1746 3444 bellum

341 3489 514 3554 Creticum
533 3490 684 3573 pertinet
707 3489 750 3550 ab
768 3490 920 3554 Antonio
941 3498 1074 3553 motum
1096 3489 1156 3551 cfr.
1172 3506 1275 3571 supra
1293 3507 1371 3572 pag.
1396 3505 1445 3548 22.
1467 3484 1618 3550 Curetes
1633 3487 1676 3546 de
1690 3485 1746 3552 his

340 3594 400 3660 etr.
432 3595 542 3658 Hock.
569 3590 685 3659 K'reta.
710 3599 769 3658 Bd.
794 3618 821 3657 r.
842 3611 991 3660 ceterum
1019 3601 1098 3658 ante
1126 3597 1216 3657 hanc
1236 3613 1357 3658 vocem
1380 3590 1495 3670 major,
1512 3589 1745 3674 interpunctio

339 3700 505 3764 tollenda.
526 3707 744 3764 vetustatem
767 3701 790 3768 i.
814 3723 842 3764 e.
868 3700 1128 3782 antiquitatem,
1147 3700 1280 3783 priscos
1306 3699 1466 3763 homines
1483 3697 1544 3779 qui
1564 3696 1683 3760 omnia
1705 3695 1745 3757 in

339 3806 450 3884 majus
469 3807 704 3889 celebrabant,
724 3808 799 3890 vel,
819 3807 872 3869 uti
887 3805 979 3868 Livii
994 3805 1108 3868 verbis
1120 3813 1213 3888 utar,
1236 3805 1356 3871 divina
1368 3803 1529 3868 humanis
1542 3803 1745 3866 immiscent.

339 3912 444 3985 -67.-
473 3907 600 3972 Italiae
619 3907 785 3974 Siciliam
811 3911 873 3973 cfr.
897 3918 1000 3994 s'upra
1033 3911 1107 3971 Lib.
1136 3911 1193 3973 lv.
1217 3913 1267 3973 38.
1307 3912 1377 3973 lnc.
1401 3914 1451 3989 98.
1478 3912 1546 3989 395.
1571 3927 1638 3970 220.
1667 3888 1742 3987 quae

338 4011 459 4074 omnia
480 4014 574 4072 haud
604 4013 709 4076 dubie
732 4021 813 4078 sunt
842 4016 1083 4100 conjungenda
1112 4023 1146 4077 et
1169 4033 1210 4078 eo
1239 4017 1318 4080 loco
1355 3991 1454 4075 dicta
1477 4021 1590 4092 erant,
1616 4011 1678 4072 ubi
1699 4013 1743 4070 de

233 4105 239 4113 ’
337 4113 485 4178 consilio
508 4103 736 4201 ¹fugitivorum
761 4121 799 4182 in
822 4122 978 4184 Siciliam
1000 4120 1195 4198 trajiciendi
1213 4121 1373 4204 exposuit
1394 4117 1457 4178 lih.
1477 4117 1534 4178 IV.
1555 4114 1615 4176 cfr.
1638 4133 1742 4195 supra

335 4231 370 4305 p.
392 4225 442 4282 30.
463 4205 541 4284 tam
564 4244 711 4300 curcum
733 4222 792 4294 sit.
823 4227 872 4289 ita
891 4228 1161 4290 emendandumr
1183 4205 1261 4287 tum
1282 4219 1532 4307 per·incuriam
1552 4238 1572 4279 a
1587 4218 1743 4281 librariis

330 4345 532 4410 expressum
552 4336 611 4391 est.
626 4331 669 4393 de
681 4351 719 4394 re
734 4331 808 4413 ipsa
819 4331 879 4392 cfr.
890 4335 1004 4397 Barth.
1018 4333 1062 4392 ad
1080 4331 1198 4404 Claud.
1217 4335 1317 4412 Rapt.
1336 4330 1430 4390 Pros.
1449 4326 1476 4385 Ι.
1499 4339 1567 4398 140.
1589 4327 1742 4406 Interpp.

336 4432 382 4495 ad
392 4430 454 4504 Sil.
467 4450 516 4512 14.
529 4434 576 4497 15.
596 4430 911 4524 -68.-Pompejus.
929 4437 995 4496 hoc
1007 4454 1144 4516 quoque
1160 4427 1320 4500 fine‘Lib.
1338 4433 1393 4498 IV.
1406 4429 1559 4515 positum
1577 4436 1659 4492 erat.
1680 4427 1739 4490 cir.
