4282 5390
345 631 349 634 ·
388 621 521 688 Sullam
532 627 685 708 spectare
695 639 798 688 nemo
813 636 884 685 non
895 619 1074 708 intelligit.
1091 617 1519 706 eonsentitlugustinbc
1532 621 1603 691 civ.
1615 627 1688 694 Dei.
1701 631 1744 692 ΙΙ.
1758 633 1796 694 ιθ

390 733 465 795 sub.
490 731 550 806 fin.
570 730 685 814 «Dicit
702 729 827 792 deinde
841 726 944 811 plura
963 728 1129 796 Salustius
1150 731 1193 792 dc
1205 728 1311 812 Syllae
1327 727 1422 814 vitiis
1440 737 1619 812 ceteraque
1633 732 1798 821 foeditate

388 837 591 921 reipublicae
608 843 693 900 etc.²>
711 835 789 894 lam
805 852 883 893 cum
898 821 968 895 alia¹
988 852 1127 914 quoque
1142 839 1273 900 servata
1293 832 1363 896 sint
1383 833 1592 928 fragmenta,
1613 857 1689 918 quae
1703 846 1736 902 et
1753 843 1799 903 ad

389 943 484 1005 bella
508 939 641 1011 civilia,
672 936 956 1018 Grachorumque
984 936 1172 1004 seditiones
1196 943 1374 1004 commode
1404 939 1532 1008 referre
1559 941 1679 1026 liceat,
1704 946 1800 1008 baud
1886 935 1896 942 “

389 1045 619 1128 improbanda
639 1041 777 1106 videtur
800 1041 997 1122 conjectura
1018 1044 1213 1130 Debrossii,
1246 1044 1309 1125 qui
1334 1045 1520 1108 Salustium
1543 1050 1586 1113 de
1611 1049 1801 1113 Grachanis

390 1148 587 1232 discordiis,
609 1155 642 1211 et
665 1148 825 1213 debello
854 1149 998 1235 sociali,
1029 1150 1168 1214 brevius
1188 1143 1232 1217 de
1251 1151 1481 1217 seditionibus
1501 1154 1545 1215 ab
1568 1154 1738 1238 Appulejo
1768 1163 1802 1248 et

388 1253 573 1321 Saturnino
600 1254 800 1339 commotis,
823 1259 917 1321 etde
936 1256 1032 1320 bello
1056 1256 1199 1321 Sullano
1222 1256 1332 1322 fusius
1346 1258 1454 1354 egisse
1476 1257 1657 1324 existimat.
1677 1262 1745 1326 Sed
1761 1279 1803 1324 ex

389 1359 527 1438 multis,
554 1380 632 1442 quae
663 1362 708 1422 ad
722 1363 828 1424 ‘hanc
860 1361 1063 1445 opinionem
1099 1363 1395 1447 confirmandam,
1432 1353 1589 1450 laudavit
1627 1365 1803 1451 fragmen-

153 1531 156 1536 ,
267 1547 270 1552 Ι
390 1465 455 1550 tis,
488 1484 598 1549 panca
634 1469 740 1530 modo
773 1466 920 1531 certiora
953 1475 1041 1529 sunt.
1081 1469 1143 1532 cfr.
1170 1473 1241 1534 Ine.
1277 1474 1330 1546 43.
1356 1489 1385 1551 7.
1416 1483 1467 1544 42.
1490 1471 1523 1552 Ι,
1555 1472 1605 1531 6ι.
1633 1471 1660 1539 Ι.
1687 1487 1737 1534 ar.
1770 1475 1805 1534 ct

393 1593 443 1636 ιι.
469 1573 513 1636 de
542 1570 669 1652 quibus
697 1569 790 1632 infra
816 1572 1009 1637 accuratius
1033 1591 1208 1660 agemusp
1226 1574 1474 1660 fragmentum,
1505 1577 1601 1654 quod
1632 1575 1804 1661 sequitur,

393 1699 495 1740 -11.-
515 1697 556 1740 eo
575 1675 748 1791 pertinere
768 1677 847 1740 luce
869 1677 997 1744 clarius
1017 1687 1077 1746 est.
1099 1679 1160 1744 cfr.
1183 1680 1272 1747 Plut.
1295 1681 1415 1763 Pomp.
1434 1699 1462 1742 c.
1485 1697 1532 1740 ια.
1553 1665 1806 1754 εἷλεὸὲκωὶτῶν
1943 1669 1958 1722 ἶ

392 1793 565 1885 βασίλεων
582 1783 738 1893 ‘riperta
767 1784 820 1871 riv
839 1785 1125 1900 συμμαχήσαντα
1143 1799 1303 1900 Δομιτίῳ,
1332 1789 1385 1884 τὴν
1415 1784 1451 1870 ii
1478 1789 1662 1885 βασιλείαν
1679 1784 1806 1902 Ἰεμψα

394 1905 575 2014 παρέδωκε,
599 1922 676 1984 Ηοο
694 1920 788 1986 enim
809 1924 855 1984 ad
870 1922 973 1986 initia
987 1923 1075 1988 belli
1085 1921 1274 2012 Sertoriani
1287 1921 1477 2005 pertinere,
1497 1942 1577 1983 cum
1594 1920 1624 1985 is
1641 1920 1680 1983 in
1690 1918 1807 1983 Africa

393 2033 471 2116 regi
485 2053 505 2095 a
518 2033 669 2098 Sullanis
682 2037 823 2120 expulso
836 2037 1004 2100 auxilium
1014 2037 1135 2116 ferret,
1154 2057 1277 2122 parum
1287 2035 1470 2120 probabile
1479 2035 1627 2098 videtur.
1638 2034 1705 2122 cfr.
1716 2033 1807 2096 Plut.

277 2141 279 2146 “
314 2176 317 2180 ,
396 2139 522 2202 Sertor.
533 2161 560 2200 c.
574 2161 609 2216 93
626 2159 731 2200 -ιι-
748 2144 818 2202 boc
827 2142 1059 2226 fragmentum
1068 2144 1273 2208 Debrossius
1283 2144 1327 2205 ad
1338 2143 1444 2206 finem
1457 2141 1626 2203 tumultus
1639 2159 1665 2198 a·
1674 2137 1808 2216 Lepido

397 2245 563 2305 commoti
585 2253 736 2327 spectare
748 2243 902 2323 judicat,
927 2247 991 2310 ubi
1012 2245 1118 2309 variis
1141 2246 1232 2310 curis
1252 2255 1391 2330 patrum
1416 2251 1548 2307 mentes
1567 2231 1810 2325 fatigabantur.

397 2381 417 2396 -
427 2353 496 2415 ι3.-
509 2344 608 2430 Quin
617 2351 765 2415 lenones
776 2359 812 2415 et
823 2349 959 2416 vinarii
965 2350 1293 2432 laniique-lenones
1302 2353 1337 2410 h.
1346 2351 1370 2409 1.
1380 2368 1444 2428 pro
1455 2347 1535 2406 lixis
1549 2354 1582 2408 et
1593 2345 1812 2428 cauponariis

276 2466 283 2474 ,
364 2469 369 2480 .
397 2451 769 2530 dictumessevidetur7
790 2445 1582 2526 sedexemplahujussignificationisdesidero;
1605 2450 1666 2506 sed
1679 2450 1811 2528 Wassio

397 2564 483 2624 teste
509 2581 562 2636 ap.
593 2557 721 2613 Charis.
745 2571 780 2631 p.
805 2549 855 2610 58.
886 2543 992 2608 lectio
1018 2552 1087 2618 est,
1120 2545 1268 2606 lenones
1298 2541 1435 2608 vinarii
1439 2568 1448 2624 3
1484 2545 1577 2609 aliis·
1591 2544 1809 2634 auctoribus,

400 2663 545 2722 lenones
565 2654 731 2717 omissum
745 2660 813 2728 est5
834 2652 872 2713 id
889 2658 979 2714 certe
994 2669 1067 2712 non
1087 2648 1234 2712 dubium
1254 2655 1322 2732 est,
1342 2650 1485 2713 lenones
1497 2652 1565 2712 hoc
1577 2649 1655 2715 loco
1669 2656 1812 2739 propria

398 2757 652 2844 significatione
668 2765 758 2820 stare
772 2774 846 2816 non
858 2771 973 2837 posse3
995 2757 1037 2815 ad
1053 2752 1200 2816 bellicos
1221 2761 1403 2837 apparatus
1419 2755 1545 2839 Lepidi
1558 2758 1625 2818 hoc
1638 2760 1812 2842 pertinere

397 2865 546 2941 videtum·
567 2857 765 2943 compositi
772 2879 833 2944 pro
848 2857 1018 2922 redimere
1036 2857 1167 2919 dictum
1185 2876 1257 2922 esse
1273 2864 1371 2941 putat
1390 2861 1475 2921 Non.
1489 2864 1673 2926 Marcellus
1685 2867 1740 2932 IV.
1756 2869 1812 2946 623

397 2971 526 3034 rectius
553 2966 681 3030 dixeris
705 2985 777 3031 esse
803 2965 899 3027 idem
925 2964 1021 3044 quod
1048 2958 1198 3047 parati,
1228 2961 1319 3025 facta
1347 2961 1651 3046 pactiones-15.—
1672 2965 1811 3034 Oratio

398 3072 530 3158 Lepidi
549 3072 658 3138 Cons.
678 3071 731 3131 ad
737 3070 920 3152 populum
937 3068 1157 3131 Romanum.
1199 3067 1229 3130 is
1253 3068 1374 3131 titulus
1394 3076 1444 3134 est
1464 3069 1504 3132 in
1524 3072 1600 3137 Vat.
1621 3093 1650 3134 ι.
1672 3091 1753 3135 nam
1771 3073 1811 3136 in

398 3184 475 3248 Vat.
493 3178 537 3238 II.
557 3174 675 3238 nullus
689 3181 748 3238 est.
767 3170 1023 3236 Difficillimum
1045 3179 1095 3233 est
1111 3174 1156 3232 ad
1176 3172 1454 3262 dijudicandum,
1476 3195 1546 3256 quo
1567 3183 1721 3261 tempore
1740 3181 1812 3243 haec

401 3281 514 3346 oratio
533 3281 578 3348 sit
596 3280 733 3356 habita3
755 3280 852 3360 quod
870 3275 1027 3359 quamvis
1044 3281 1079 3338 et
1100 3273 1203 3337 titulo
1221 3283 1255 3338 et
1273 3277 1442 3341 orationis
1458 3279 1529 3343 fine
1548 3281 1629 3344 satis
1646 3282 1815 3348 declarari

401 3387 580 3470 videatur,
600 3394 717 3450 tamen
738 3382 858 3466 multis
878 3380 1028 3465 suspicio
1051 3378 1195 3456 incidit,
1219 3381 1297 3445 fieri
1312 3403 1384 3445 non
1411 3402 1527 3466 posse,
1547 3393 1587 3446 ut
1607 3386 1685 3449 talis
1705 3388 1814 3452 oratio
1931 3439 1933 3444 .

402 3492 500 3554 Sulla
522 3490 622 3576 vivo,
641 3492 697 3554 vel
716 3499 794 3575 post
813 3488 1006 3551 abdicatam
1023 3484 1229 3549 dictaturam
1251 3486 1452 3563 haberetur,
1473 3486 1577 3548 ita-ut
1592 3507 1664 3550 non
1679 3489 1719 3550 in
1735 3491 1812 3554 toro

403 3606 438 3662 et
454 3599 499 3659 ad
523 3594 749 3672 concionem,
777 3597 897 3674 sedin
919 3592 1052 3657 aedibus
1072 3599 1106 3656 et
1124 3591 1216 3654 inter
1233 3588 1382 3673 parietes
1402 3591 1447 3654 ad
1468 3609 1597 3674 paucos
1618 3593 1814 3671 conjuratos

402 3703 508 3766 rerba
523 3700 700 3764 consulem
723 3699 843 3764 iecisse
862 3703 1033 3782 putarent.
1054 3695 1210 3760 Primum
1229 3693 1338 3780 igitur
1360 3701 1611 3770 extraomnem
1629 3697 1815 3765 dubitatio-

403 3827 484 3872 nem
501 3815 550 3872 est
567 3806 739 3892 positum,
759 3804 931 3888 Lepidum
954 3801 1130 3866 consulem
1152 3803 1241 3864 hanc
1263 3800 1456 3864 orationem
1475 3820 1538 3886 pro
1556 3802 1676 3868 rostris
1692 3807 1737 3866 ad
1750 3825 1815 3889 po-

346 3977 351 3984 Α
402 3913 527 3996 pulum
547 3911 719 3975 habuisse.
740 3905 905 3990 Quirites
926 3907 1020 3970 enim
1040 3905 1180 3990 nonnisi
1202 3905 1327 3992 populi
1348 3907 1469 3970 concio
1494 3907 1663 3991 appellari
1684 3912 1814 3994 potuit,

404 4033 520 4095 neque
548 4024 639 4077 recte
670 4013 799 4077 dixeris
830 4012 1004 4077 consulem
1024 4013 1257 4096 designatum,
1282 4010 1339 4073 cui
1358 4010 1457 4073 nulla
1478 4021 1649 4098 potestas,
1675 4016 1814 4079 nullum

406 4116 610 4202 imperium,
630 4136 666 4181 se
688 4117 785 4200 plebi
805 4119 928 4182 ducem
948 4119 993 4178 ad
1014 4114 1251 4198 recipiendam
1269 4114 1465 4182 libertatem
1480 4117 1636 4201 profiteri
1651 4120 1814 4203 potuisse.

405 4223 518 4310 Igitur
532 4206 605 4287 haic
630 4221 733 4286 missa
751 4221 925 4287 faciamus.
944 4219 1160 4286 alterationi
1180 4221 1290 4284 multa
1311 4220 1447 4302 insunt,
1466 4243 1542 4304 quae
1557 4215 1689 4287 Sullam
1710 4224 1814 4289 etiam

296 4424 298 4428 ι
407 4337 481 4394 tum
503 4328 706 4395 dictaturam
733 4327 915 4397 retinuisse
939 4331 1185 4396 demonstrant.
1216 4328 1292 4392 Hac
1314 4329 1358 4394 de
1383 4345 1422 4394 re
1444 4328 1712 4414 disputandum,
1726 4336 1814 4424 tum
