4242 5334
1598 503 1678 578 265

276 688 392 762 Μῖιιοι
421 705 540 776 graves
570 687 780 750 nunciantur
800 689 851 748 ι6.
873 682 1011 749 minari
1038 686 1202 752 ferrent.
1233 688 1412 752 servitium
1432 681 1611 758 militibus
1625 715 1673 778 94.

284 851 294 862 .
315 795 432 883 gladio
455 807 491 861 c.
511 810 561 878 49.
582 787 788 856 ministeria
806 777 994 875 prohibere
1011 786 1054 854 H.
1074 795 1130 860 IV.
1153 799 1180 857 3.
1210 789 1379 858 minister
1398 795 1624 867 consiliorum
1643 812 1674 868 J.

316 920 367 985 ις.
397 885 487 984 regis
506 922 556 982 ²7·
584 887 786 960 minumum
815 891 953 962 offense
978 908 1012 963 J.
1045 913 1111 976 ¹⁰4·
1144 897 1320 964 minumus
1352 901 1545 984 (scatate)
1571 926 1616 966 ιι.
1636 905 1676 973 in

316 1004 452 1068 minore
477 1002 618 1088 negotio
651 1010 686 1067 c.
710 1005 759 1064 ir.
793 1001 930 1066 minore
950 1002 1158 1068 detrimento
1179 1001 1374 1068 illosvinci
1396 1011 1444 1084 64.
1480 1025 1534 1070 res
1551 1005 1677 1075 Athen.

317 1108 495 1190 aliquanto
515 1106 667 1171 minores
687 1109 716 1168 8.
738 1104 954 1189 magistratus
975 1109 1026 1170 δι.
1055 1108 1223 1172 cruciatus
1245 1111 1293 1173 51.
1315 1109 1462 1174 minoris
1484 1114 1609 1178 ducere
1627 1119 1681 1178 ia..

319 1215 471 1278 minores
491 1231 573 1296 opes
587 1215 638 1276 'ad
658 1212 914 1278 defendendum
936 1214 985 1280 52.
1016 1209 1136 1277 minus
1155 1214 1267 1278 bonus
1293 1237 1322 1277 ι.
1343 1235 1442 1279 causa
1463 1214 1578 1280 minus
1599 1236 1683 1300 sup-

315 1319 410 1402 petit
424 1321 472 1380 ι6.
494 1318 610 1389 minus
629 1319 805 1401 ualeretq.
826 1336 895 1398 quo
917 1317 1033 1380 minus
1053 1321 1103 1383 5ι.
1121 1319 1183 1382 bis.
1205 1341 1250 1383 ιιι.
1270 1319 1430 1387 bellicosi
1449 1316 1481 1384 J.
1493 1331 1541 1390 ιδ.
1563 1320 1685 1384 minus.

315 1427 414 1504 posse
434 1437 485 1496 41.
506 1422 621 1486 minus
640 1421 767 1487 instare
787 1423 837 1498 84.
859 1423 976 1487 minus
995 1422 1153 1488 frustrari
1175 1429 1223 1488 58.

278 1522 421 1594 Mirari
436 1545 515 1590 vasa
545 1526 660 1589 celata
688 1537 723 1591 c.
747 1548 792 1590 ιι.
825 1530 980 1592 secunde
1008 1547 1061 1592 res
1095 1525 1187 1593 mire
1206 1535 1285 1592 sunt
1305 1528 1400 1592 vitiis
1420 1527 1579 1592 obtentui
1600 1537 1636 1594 Η.
1657 1530 1681 1588 Ι.

287 1701 290 1710 ¹
320 1637 367 1694 ιδ.
399 1626 580 1694 miscendo
602 1649 637 1693 se
657 1649 736 1692 cum
760 1629 879 1710 aliquo
912 1631 1155 1696 commaculari
1175 1643 1208 1700 J.
1233 1635 1309 1706 rol„
1328 1631 1467 1695 fortuna
1485 1631 1616 1708 [saevire
1641 1649 1686 1692 ac·

286 1789 292 1798 .
317 1733 460 1798 miscere
481 1735 599 1798 omnia
618 1733 827 1816 capituto.
849 1736 995 1819 strepitu
1013 1743 1047 1799 et
1066 1729 1218 1801 tumultu
1238 1712 1357 1802 omnia
1376 1748 1407 1804 J.
1429 1753 1474 1804 ιι.
1496 1736 1587 1801 mala
1606 1754 1683 1802 mea

318 1858 396 1902 eum
416 1838 519 1902 bonis
540 1838 608 1903 tuis
629 1851 669 1906 Η.
693 1841 749 1904 IV.
773 1855 820 1898 ιι.
842 1857 905 1919 per
926 1837 1101 1901 connubia
1121 1841 1272 1906 Gaetulos
1293 1860 1409 1903 secum
1428 1849 1524 1908 J.18.
1547 1838 1686 1904 misceri

287 2011 290 2018 ,
317 1962 356 2004 ae
376 1943 504 2004 mutari
524 1943 643 2005 omnia
665 1952 700 2006 c.
721 1961 750 2001 ι.
1269 2009 1272 2016 1
1749 1927 1753 1934 ’

202 2080 204 2088 ¹
279 2040 492 2108 Miserabile
521 2046 632 2107 multo
664 2059 821 2107 maxume
842 2041 927 2124 imp.
946 2040 1060 2105 visum
1081 2051 1116 2110 C·
1138 2046 1188 2106 36.
1219 2053 1383 2125 ρωιιοιιι.
1404 2041 1537 2107 facinus
1557 2043 1685 2106 admis-

240 2163 243 2172 ’
317 2167 392 2210 sum
412 2159 445 2212 J.
469 2151 517 2210 ⁵3.
540 2147 636 2210 cultu
655 2165 760 2226 quam
780 2164 939 2210 maxume
958 2148 1066 2208 m.33.
1084 2143 1189 2210 facies
1211 2147 1316 2210 totius
1339 2145 1472 2231 negotii
1494 2167 1540 2216 ιιι.
1563 2148 1612 2210 5ι.
1633 2147 1685 2210 vi-

319 2260 356 2314 ta
374 2248 507 2315 misera
534 2259 637 2330 atque
656 2251 850 2310 inhonesta
879 2254 914 2308 c.
937 2269 985 2307 ιο.
1017 2248 1133 2308 anima
1152 2250 1201 2312 ib.
1221 2247 1428 2314 miserando
1451 2268 1564 2315 casum
1585 2268 1685 2312 suum

320 2365 353 2420 J.
375 2356 424 2415 ιδ.
452 2352 593 2417 anxium
614 2371 654 2414 ac
673 2349 893 2413 miserantem
921 2348 1076 2414 fortunas
1098 2370 1176 2414 suas
1198 2353 1247 2414 62.
1280 2373 1395 2416 casum
1421 2351 1507 2435 reip.
1528 2351 1685 2418 miserari

320 2469 356 2527 c.
371 2466 419 2524 51.
440 2476 539 2520 orare
558 2455 611 2519 uti
631 2455 685 2519 sui
705 2453 925 2530 misereretur
944 2469 994 2529 40.
1018 2454 1235 2521 fortunarum
1257 2455 1414 2529 misereri
1433 2466 1466 2523 J·
1479 2458 1528 2521 83.
1551 2457 1685 2539 pleros·

321 2584 389 2645 que
410 2583 464 2628 res
484 2564 642 2626 secundae
664 2560 703 2622 in·
724 2554 996 2624 miserationem
1018 2577 1065 2622 ex.
1078 2559 1131 2622 ira
1150 2567 1289 2629 vertunt
1310 2571 1348 2630 H.
1369 2564 1394 2624 I.
1420 2566 1466 2624 ri.
1492 2559 1688 2625 dividetis

323 2670 421 2734 oneri
451 2665 678 2746 miserimque
697 2661 794 2726 fuere
815 2674 851 2728 c.
875 2683 920 2724 ιο.
946 2667 1174 2724 mansuetudo
1195 2663 1234 2724 in
1256 2662 1433 2729 miseriam
1451 2663 1555 2727 vertit
1576 2665 1625 2726 ba.
1646 2681 1686 2727 eo

322 2771 538 2836 miseriarum
557 2770 676 2834 venire
696 2780 729 2834 J.
754 2781 801 2840 ιι.
828 2767 868 2828 in
888 2767 955 2830 has.
971 2785 1016 2836 ιιι.
1037 2767 1210 2848 projectus
1230 2767 1278 2828 ib.
1299 2774 1442 2848 propter
1464 2767 1686 2847 Capsensium

323 2893 372 2956 qa.
384 2897 424 2940 ex
436 2874 754 2957 maiquepericulis
764 2869 933 2948 requievit
942 2870 1077 2929 animus
1088 2880 1123 2931 c.
1133 2887 1162 2942 4.
1173 2888 1217 2926 m.
1229 2874 1410 2946 coopertus
1418 2876 1441 2928 J
1444 2907 1452 2924 ·
1464 2880 1510 2938 ιιι.
1519 2886 1582 2946 per
1590 2889 1636 2948 ιιι.
1651 2876 1684 2930 et

323 2979 454 3058 incerta
472 2981 567 3040 hum.
583 2977 724 3059 generis
746 2963 844 3037 orare
863 2971 906 3030 H.
918 2973 942 3030 l.
960 2991 1008 3048 72.
1032 2987 1071 3032 ea
1093 2967 1356 3031 mansuetudine
1378 2977 1411 3034 et
1431 2961 1685 3034 misericordia

324 3102 396 3148 esse
425 3093 457 3148 c.
481 3086 530 3154 34.
559 3079 612 3142 ira
632 3084 690 3140 aut
711 3093 755 3134 m.
777 3069 920 3152 impulsi
948 3071 999 3148 δι.
1030 3089 1077 3132 m.
1098 3069 1136 3132 in
1156 3071 1347 3151 perniciem
1367 3091 1483 3135 casura
1505 3081 1555 3136 est
1584 3084 1615 3148 J.
1637 3079 1688 3138 δι.

290 3235 294 3244 ,
324 3183 394 3265 qim
416 3199 519 3260 quam
541 3197 586 3240 m.
609 3174 757 3259 experiri
767 3177 818 3234 δι.
840 3166 940 3248 misit
955 3171 1270 3256 ¹legatosquestum
1289 3185 1321 3240 J.
1344 3193 1392 3236 ιι.
1414 3177 1464 3258 47.
1485 3177 1694 3242 nunciatum.
1733 3244 1735 3250 ,

330 3288 394 3348 108.
416 3291 549 3347 oratum
560 3299 609 3359 ²4·
630 3281 697 3345 tela
718 3277 852 3342 eminus
866 3271 966 3335 missa
986 3273 1160 3342 remittere
1171 3278 1217 3343 58.
1234 3277 1578 3361 missisremissisque
1598 3303 1687 3346 nun-

271 3435 275 3440 .
327 3391 389 3454 ciis
411 3391 459 3456 83,
480 3387 543 3468 gub
564 3396 681 3470 jugum
705 3404 750 3446 m.
773 3386 822 3446 ³⁸.
844 3397 914 3464 prae
936 3395 971 3439 se
993 3375 1144 3438 inermos
1167 3378 1395 3462 singuloqu.
1415 3383 1480 3446 hac
1501 3384 1538 3444 in
1560 3403 1619 3464 spe
1641 3405 1688 3449 m.

326 3495 455 3556 liberos
475 3492 513 3555 in
532 3491 664 3558 bellum
685 3498 724 3554 Η.
746 3489 802 3548 ΙΙΙ.
828 3505 875 3544 ιι.
897 3480 1006 3574 lessus¹
1023 3479 1209 3544 scribundo
1232 3483 1475 3563 mittundoque
1494 3485 1624 3567 legatos
1638 3486 1685 3548 ib.

328 3595 482 3661 mixtam
503 3597 589 3658 taeda
609 3593 827 3674 etsulphure
846 3577 960 3670 piceni
978 3597 1010 3649 J.
1034 3587 1082 3664 57.

202 3727 206 3735 ·
288 3701 446 3766 Mobiles
467 3707 500 3763 et
520 3702 616 3764 fluxae
638 3716 692 3762 res
725 3706 756 3760 J.
782 3695 848 3765 rol.
881 3689 983 3774 regiae
1003 3688 1201 3781 voluntates
1219 3693 1289 3751 ιι6.
1309 3689 1454 3774 ingenio
1474 3690 1599 3757 mobili
1619 3697 1688 3757 Nu-

329 3805 431 3870 midae
452 3786 501 3880 li.
525 3801 586 3866 cfr.
609 3803 657 3868 56.
670 3793 927 3876 ¹moderabitur
948 3793 1052 3875 quis?
1080 3805 1115 3868 c.
1137 3795 1185 3856 51.
1218 3794 1375 3878 linguam
1394 3807 1423 3862 J.
1444 3797 1496 3861 82.
1516 3797 1609 3868 bona
1630 3807 1688 3864 aut

328 3911 420 3974 mala
442 3918 492 3992 73.
512 3908 601 3973 nihil
623 3906 722 3991 pensi
741 3923 852 3985 neque
872 3898 1041 3967 moderati
1062 3899 1189 3962 habere
1212 3911 1246 3974 c,
1272 3923 1320 3968 ιι.
1350 3900 1440 3968 inter
1460 3901 1691 3972 ambitionem

331 4015 565 4095 saevitiamque
593 4015 807 4079 moderatum
826 4019 858 4074 J.
880 4007 929 4078 li.
960 4003 1094 4066 animus
1114 4005 1209 4068 haud
1229 4005 1310 4080 satis
1330 4026 1376 4068 m.
1398 4024 1447 4083 42.
1478 4006 1687 4093 fortunali-

330 4121 414 4182 hido
445 4118 603 4203 gentibus
634 4118 829 4178 moderatur
856 4113 892 4172 C.
919 4113 966 4174 51.
990 4111 1026 4170 P.
1048 4111 1089 4170 R.
1112 4111 1264 4194 gentium
1287 4112 1500 4182 moderator
1523 4113 1565 4177 H.
1587 4113 1615 4174 1.
1639 4113 1695 4171 15.

334 4225 490 4286 modeste
508 4221 710 4305 placideque
731 4218 821 4280 inter
839 4235 875 4280 se
896 4235 1000 4297 remp.
1024 4216 1212 4279 tractabant
1231 4227 1262 4280 J.
1281 4231 1331 4288 ιι.
1353 4215 1426 4278 sine
1446 4218 1551 4278 modo
1570 4213 1692 4278 mode·

334 4319 477 4403 stinque
496 4328 658 4392 invadere
686 4324 733 4387 ib.
768 4341 878 4402 neque
907 4321 979 4384 illis
1012 4341 1056 4382 m.
1086 4340 1196 4401 neque
1225 4321 1346 4384 modus
1367 4316 1597 4383 contentionis
1619 4322 1695 4380 erat
