4230 5348
1694 433 1760 528 ¹47

360 622 442 684 can
463 614 598 700 Apulej.
619 616 663 680 de
684 613 782 676 Orth.
802 625 831 686 s.
855 611 901 676 ια.
922 610 983 676 cfr.
1002 611 1095 676 Serv.
1111 613 1158 674 ad
1178 613 1274 700 Virg.
1295 616 1418 701 Geor-g.
1443 639 1470 679 1.
1490 619 1519 680 8.
1541 620 1698 686 Munlrer.
1719 627 1764 687 ad

358 720 490 807 Hygin.
510 719 578 783 fab.
602 742 669 804 129.
692 727 727 784 et
747 735 818 805 272.
838 727 872 782 el
892 720 937 780 ad
957 715 1168 802 Fulgenn'p.
1188 722 1238 780 31.
1257 719 1361 799 hujus
1379 721 1433 786 roi·
1451 725 1582 788 montio
1601 725 1679 790 fieri
1698 745 1764 812 po*

358 827 427 892 tuit
447 829 569 892 eodem
587 826 680 910 loco,
714 844 783 906 quo
810 826 854 887 de
881 823 1036 888 Aristaeo
1057 823 1222 910 aspomit.
1243 824 1302 890 lin
1326 849 1353 889 ι.
1375 823 1504 891 Histoe.
1525 829 1639 894 initio.
1658 837 1764 896 -mn-

355 921 543 998 saturans
554 951 697 1014 quoque
709 936 846 994 auctor
860 937 930 1006 est,
949 931 1134 993 occultam
1146 927 1357 1011 potentiam-
1369 934 1472 996 deum
1490 927 1763 1026 vocarifatum.

357 1035 418 1100 cfr.
438 1037 588 1121 Interpp.
608 1033 798 1120 virgiliani
825 1033 915 1096 Edit.
941 1033 1029 1116 Maji
1049 1053 1127 1118 pag.
1148 1037 1198 1101 33.
1231 1035 1297 1097 Sed
1317 1038 1385 1099 hoc
1408 1026 1542 1100 nullum
1563 1048 1622 1103 est.
1642 1041 1762 1104 laudat

356 1141 449 1206 enim
460 1141 702 1228 grammaticus
716 1143 761 1203 ad
775 1137 979 1204 senteirtiam
994 1157 1091 1201 susm
1103 1139 1374 1204 confirmandam
1387 1143 1486 1205 aliud
1503 1142 1543 1207 fr.
1564 1145 1632 1207 inc.
1652 1147 1702 1226 78.
1721 1155 1763 1208 ut

355 1255 464 1310 tanta
472 1256 620 1331 repente
628 1243 788 1313 mutatio
798 1265 873 1310 non
880 1241 959 1310 sine
966 1245 1046 1309 Deo
1055 1241 1249 1312 uideretur.
1268 1240 1479 1328 ItaqucVIII.
1489 1251 1563 1313 sola
1570 1248 1764 1336 fragmenta

356 1354 519 1420 exXLlV.
534 1373 611 1436 quae
630 1373 721 1416 nova
732 1351 800 1415 sibi
810 1350 1085 1416 invenisset-isus
1095 1358 1146 1416 est
1157 1351 1375 1434 nuperrimus
1390 1355 1662 1420 Salustianorum
1672 1355 1764 1441 frag-

358 1467 555 1522 mentorum
583 1457 713 1540 editor,
733 1477 754 1519 a
774 1477 831 1550 me
850 1456 979 1520 omissa
996 1456 1143 1520 fuerant.
1173 1457 1308 1538 reliqua
1326 1460 1381 1522 vel
1408 1469 1509 1523 antea
1529 1471 1626 1545 nota,
1645 1462 1702 1525 vel
1723 1481 1764 1524 ex

356 1561 504 1626 Catilina
524 1563 734 1649 etJugurtha
754 1551 925 1648 ercerpta‘,
945 1563 1003 1626 rel
1016 1562 1115 1625 nulla
1130 1571 1227 1630 sunt..
1240 1565 1335 1644 quod
1358 1583 1399 1626 ex
1406 1565 1524 1628 Servio
1545 1565 1699 1628 laudavit
1719 1569 1764 1628 ad

354 1667 437 1730 Aen.
459 1689 487 1746 7.
509 1671 560 1731 30.
581 1677 693 1751 parte
712 1669 893 1750 vconditor·
922 1664 1022 1732 orbis
1052 1678 1238 1731 terrarum
1267 1667 1319 1730 ibi
1336 1670 1435 1750 pesti
1455 1665 1624 1734 conditas
1646 1689 1763 1733 emen·
1831 1735 1834 1742 ,
1944 1659 1948 1670 ’

354 1771 509 1834 dandum
529 1780 640 1836 estex
660 1774 768 1838 Godd.
795 1775 893 1837 locus
913 1775 952 1836 in
972 1775 1033 1856 Ep.
1053 1773 1210 1836 Mithrid.
1230 1775 1275 1834 cd
1295 1773 1442 1836 Arsacen
1473 1771 1610 1858 legitur.
1645 1775 1764 1855 Neque

354 1895 430 1958 quae
449 1878 555 1944 verba
576 1898 617 1942 ex
628 1879 746 1942 Servio
760 1860 947 1962 -ad.Eclo'g.
965 1903 994 1941 2.
1013 1897 1059 1958 ¹7·
1082 1871 1212 1939 virtuti
1229 1873 1324 1938 ratis
1345 1879 1559 1960 credebant,
1578 1879 1764 1941 laudantur

352 2001 418 2063 pro
438 2001 529 2045 noro
550 1982 748 2066 fragmento
764 1982 967 2061 habuerim,
986 1983 1230 2064 cumtug.106.
1253 1978 1384 2042 virtmi
1401 1999 1552 2042 suorum
1572 1979 1666 2043 satis
1686 2005 1764 2046 cre·

354 2083 439 2146 dere
458 2083 639 2146 simillima
659 2086 738 2147 sint.
759 2119 776 2134 ·
788 2090 884 2148 231.-
905 2081 1174 2149 Maturrimum
1196 2091 1245 2144 est
1261 2081 1299 2140 in
1309 2077 1460 2142 Placidi
1477 2081 1600 2164 glossis
1620 2083 1763 2148 ineditis

354 2185 394 2248 in
414 2187 498 2250 (lod.
523 2176 587 2250 Ms.
615 2186 838 2250 bibliotheca
864 2183 1145 2268 Hamhurgensisi
1177 2191 1328 2247 ceterum
1356 2183 1575 2247 maturrime
1603 2185 1641 2248 in
1668 2187 1762 2250 Orat.

353 2291 513 2375 Philippi
522 2290 660 2374 legitur,
681 2290 732 2352 ita
747 2299 785 2352 ut
799 2290 973 2354 immerito
988 2291 1054 2352 hoc
1066 2306 1131 2372 pro
1146 2306 1237 2350 noro
1250 2286 1443 2372 fragmento
1455 2289 1628 2353 habueris.
1641 2295 1761 2356 eadem

354 2396 517 2460 vocabuli
541 2393 683 2458 interea
704 2393 812 2473 rati03
841 2396 935 2475 quod
961 2393 1180 2476 nuperrimus
1207 2391 1320 2455 editor
1345 2411 1386 2456 ex
1404 2393 1522 2458 Servio
1542 2387 1697 2459 laudavit
1718 2401 1762 2459 ad

351 2500 437 2566 den.
460 2521 508 2562 ιο.
530 2505 599 2564 888.
630 2499 780 2585 (corrige
808 2499 896 2582 888.)
918 2497 970 2562 ihi
990 2496 1085 2562 enim
1104 2498 1172 2560 hoc
1191 2496 1304 2559 solum
1325 2496 1471 2581 dicitur,
1500 2496 1643 2565 interea
1661 2505 1762 2586 -apud

351 2609 469 2690 po'e‘tas
488 2608 634 2670 eandem
654 2606 726 2671 vim
745 2607 890 2688 habere,
910 2623 1015 2685 quam
1035 2622 1089 2686 ap.
1109 2602 1310 2664 Salustium:
1332 2603 1453 2666 eodem
1475 2612 1646 2687 tempore.

432 2713 552 2773 -236.-
580 2711 728 2776 Bellica
749 2707 807 2774 rei
831 2708 949 2774 sciens
975 2710 1054 2769 hist.
1078 2728 1107 2768 2.
1126 2725 1180 2788 ap.
1199 2705 1374 2772 Arrusian.
1397 2709 1497 2772 Mess.
1517 2710 1762 2773 Elocutionum

353 2811 478 2880 libello
498 2815 546 2874 M.
566 2814 598 2881 S.
623 2834 650 2877 s.
670 2835 701 2878 r.
722 2813 839 2878 aciem
860 2812 922 2878 cfr.
942 2812 1083 2876 Ruhuk.
1104 2814 1148 2873 ad
1169 2811 1290 2887 Vellej.
1311 2829 1340 2871 a.
1361 2813 1411 2871 88.
1430 2816 1557 2894 pact.
1578 2821 1701 2894 -237.-
1721 2817 1763 2881 L.

351 2914 541 2985 Hostilius
560 2917 752 2983 Dasianus
772 2915 913 2996 inquies
933 2912 1052 2978 animi
1068 2913 1148 2978 hist.
1169 2929 1199 2989 4.
1220 2934 1261 2977 ex
1289 2915 1411 2979 eodem
1441 2914 1534 2979 libro
1560 2939 1591 2984 v.
1621 2920 1761 2982 Ruhnlr.

353 3023 397 3083 ad
422 3020 545 3097 Vellei.
567 3037 596 3082 a.
617 3023 667 3081 68.
687 3041 722 3102 p.
744 3021 814 3080 300.
841 3038 1035 3103 cognomen
1054 3019 1191 3083 videtur
1221 3013 1293 3084 esse
1321 3030 1539 3105 corruptum
1560 3019 1647 3086 'nam
1668 3027 1761 3108 apud

354 3124 492 3188 nullum
522 3141 676 3203 unquam
703 3103 923 3204 scriptorem,
953 3131 1120 3202 quantum
1149 3126 1313 3203 equidem
1332 3127 1420 3203 scio,
1451 3127 1527 3207 ejus
1552 3129 1592 3192 fit
1618 3130 1760 3195 mentio.

354 3233 451 3295 -ssa
464 3263 481 3279 -
502 3224 626 3292 Sciens
646 3226 778 3289 horum
799 3224 868 3288 inc.
888 3243 929 3287 ex
948 3224 973 3286 l.
992 3225 1017 3286 l.
1045 3224 1105 3285 cfr.
1132 3229 1273 3294 Ruhnk.
1294 3231 1339 3292 ad
1365 3233 1485 3310 Vellej.
1506 3224 1535 3297 i.
1558 3235 1608 3297 88.
1634 3257 1668 3318 p.
1689 3239 1760 3299 865.

245 3331 275 3364 ’·
352 3325 420 3400 Sed
438 3334 507 3396 hoc
534 3331 774 3394 tantummodo
803 3331 940 3393 schema
971 3336 1147 3398 structura
1167 3349 1238 3396 esse
1258 3334 1412 3413 ridetur,
1440 3338 1536 3416 cujus
1566 3341 1761 3420 exemplum

352 3441 394 3504 fr.
417 3441 487 3504 236.
509 3445 591 3502 erat.
611 3469 630 3486 ·
643 3442 735 3516 283.-
753 3437 812 3502 Εο
833 3432 1006 3498 'redeunte
1019 3435 1164 3527 dorium
1184 3439 1417 3503 salutaretur
1437 3444 1540 3523 apud
1555 3444 1665 3504 oedem
1678 3445 1761 3505 Bel-

354 3549 461 3620 lona.
481 3549 554 3609 haec
574 3544 777 3626 exInlerpp.
792 3539 913 3628 Virgil.
935 3559 955 3602 a
976 3539 1069 3618 Majo
1091 3541 1193 3604 editis
1207 3543 1394 3607 Nardinius
1413 3545 1532 3606 laudat
1550 3565 1585 3627 p.
1608 3549 1676 3610 230.
1698 3545 1763 3620 cfr.

354 3651 380 3714 l.
400 3650 422 3712 l.
441 3674 475 3735 p.
495 3654 545 3727 48.
566 3648 651 3728 Maji
671 3649 866 3728 conjectura
887 3650 930 3715 de
950 3668 1094 3712 numero
1113 3649 1200 3712 libri
1217 3649 1375 3733 pessima.
1395 3653 1458 3712 No.
1481 3649 1532 3709 82.
1565 3664 1682 3724 -240.-
1702 3651 1760 3717 Ne

357 3775 431 3838 qua
452 3749 675 3820 contumelia
701 3755 827 3818 Donat.
855 3757 900 3817 ad
926 3756 1063 3836 Terent.
1091 3757 1246 3822 Eunuch.
1265 3771 1297 3838 a.
1321 3777 1351 3835 7.
1375 3774 1402 3814 ι.
1428 3769 1552 3832 -241.-
1577 3753 1673 3819 Urbe
1685 3775 1759 3837 pa·
1871 3821 1873 3824 ,

356 3857 503 3943 triaque
533 3857 696 3923 extorris
725 3862 763 3922 G.
796 3855 924 3923 Frorito
952 3880 978 3924 s.
1005 3881 1037 3924 r.
1063 3857 1224 3925 extorris
1252 3861 1301 3923 ita
1321 3867 1401 3924 ante
1421 3859 1554 3923 editum
1574 3858 1650 3923 tuit.
1690 3860 1758 3923 sed

358 3965 452 4029 idem
480 3983 534 4048 ap.
563 3962 692 4042 Majum
713 3964 799 4029 orbe
819 3973 1004 4029 terrarum
1032 3973 1105 4030 cat.
1135 3979 1205 4046 quo
1233 3965 1271 4028 in
1300 3964 1420 4050 fragm.
1449 3984 1552 4048 supra
1576 3965 1651 4028 Lib.
1680 3982 1706 4028 a.
1728 3968 1757 4029 6.

356 4090 537 4156 perperam
562 4070 670 4136 rerba
690 4065 893 4152 patriaque
920 4069 1122 4154 interposita
1148 4053 1238 4133 suut.
1267 4091 1344 4151 qua
1370 4069 1438 4134 luit
1463 4089 1580 4147 causa,
1612 4078 1650 4132 ut
1671 4069 1758 4133 orbe

358 4183 544 4264 terrarupe
572 4195 593 4237 a
619 4174 712 4254 Majo
740 4177 920 4239 emendata
941 4184 1107 4260 putarem.
1122 4174 1194 4240 'Sed
1214 4195 1292 4239 cum
1308 4171 1438 4259 patria
1458 4171 1619 4239 extorris
1639 4175 1677 4237 in
1696 4174 1758 4237 Ju-
1878 4188 1883 4192 ’

355 4281 485 4364 gurtha
494 4280 628 4365 legatur
637 4300 665 4346 c.
680 4293 726 4355 ra.
737 4281 807 4348 duo
817 4269 1307 4368 dirersaloca·grammaticum
1315 4279 1757 4364 nolasseputofflatriaex·

1123 4389 1127 4396 .
1436 4393 1461 4438 ᾖ
1667 4391 1669 4398 ,
