4334 5354
403 1277 615 1352 vsnrnrss
635 1281 863 1351 Lucruours
883 1281 911 1345 n
931 1282 1162 1350 comcrnus
1183 1283 1396 1350 rsarsrurs
1415 1227 1629 1368 snusoun.

389 1544 467 1606 Cum
488 1565 585 1628 nuper
606 1545 730 1608 Parisios
745 1548 901 1623 adiissem,
926 1551 951 1610 si
968 1552 1043 1613 forte
1053 1553 1218 1612 invenirem
1232 1552 1265 1610 in
1276 1559 1359 1611 tanta
1373 1548 1472 1610 Codd.
1482 1547 1718 1614 salustianorurn

307 1650 403 1732 copia,
412 1652 552 1732 (quorum
563 1672 714 1714 recensum
725 1655 791 1716 vide
802 1675 850 1736 ap.
861 1656 1112 1716 Montefalcouem
1125 1657 1158 1715 iu
1168 1655 1284 1733 Indice)
1297 1675 1361 1735 quae
1371 1658 1505 1736 priorum
1516 1654 1664 1714 editorum
1673 1672 1720 1712 sa·

223 1817 228 1820 ,
304 1755 460 1833 genitalem
482 1760 647 1842 fugissent,
665 1760 796 1821 intellexi
818 1761 939 1840 quidem
960 1781 1027 1821 rere
1046 1760 1150 1820 dixisse
1169 1760 1206 1821 V.
1223 1759 1272 1824 Cl.
1291 1759 1485 1835 Burnufium,
1507 1761 1605 1820 multo
1625 1759 1722 1839 pluri·

305 1879 369 1920 mos
391 1862 446 1924 Me.
466 1884 573 1944 parum
596 1868 771 1924 auctoritate
788 1868 902 1937 valere3
923 1883 994 1921 nom
1017 1874 1046 1922 et
1066 1862 1243 1922 recentiores
1263 1873 1349 1937 sunt,
1368 1883 1465 1942 neque
1485 1869 1602 1942 optima
1622 1883 1720 1921 exem-

303 1965 399 2042 plaria
420 1966 535 2026 librarii
556 1967 695 2027 videntur
715 1985 775 2026 csse
797 1967 908 2038 secut13
941 1966 1005 2024 imo
1025 1968 1072 2028 vel
1093 1966 1126 2024 iu
1147 1965 1297 2044 scripturae
1321 1965 1525 2044 discrepantiis
1546 1967 1632 2023 nulla
1660 1967 1719 2024 fere

304 2065 456 2128 diversitas
487 2069 525 2127 ab
552 2071 607 2144 iis,
633 2089 708 2151 quos
740 2069 888 2150 plurimos
915 2076 977 2147 jarn
1005 2079 1092 2129 antea
1122 2071 1367 2130 examinaveram.
1408 2068 1467 2128 Sed
1498 2069 1599 2130 inueni
1618 2078 1718 2128 tarnen

303 2191 412 2249 paucos
442 2171 560 2257 (libros,
598 2175 651 2254 qui
692 2176 857 2234 accuratius
898 2194 968 2233 cum
1006 2173 1094 2235 editis
1129 2161 1357 2254 conferrentur,
1398 2172 1604 2254 dignissimos,
1639 2193 1719 2253 qno-

303 2295 370 2335 rum
391 2279 534 2356 optimus,
553 2279 612 2338 Sacc
631 2279 675 2338 IX
695 2282 741 2340 vel
767 2281 861 2338 initio
887 2279 960 2340 Sacc.
981 2279 1010 2339 X
1029 2281 1173 2360 scriptus,
1195 2279 1277 2359 qnod
1298 2283 1332 2338 in
1354 2278 1498 2360 catalogo
1519 2277 1717 2336 Montefalco-

303 2383 349 2440 nis
370 2401 432 2441 non
454 2383 619 2463 descriptus
640 2385 749 2458 fuerat,
771 2381 870 2444 adhuc
891 2406 907 2445 a
929 2388 1016 2445 nullo
1037 2381 1154 2446 editore
1174 2386 1207 2443 in
1228 2385 1358 2445 Salustio
1379 2382 1558 2444 recensendo
1578 2385 1611 2442 in
1633 2387 1717 2444 auxi-

302 2488 379 2546 lium
401 2500 522 2551 vocatus
543 2505 602 2550 esse
621 2488 749 2551 videtur.
789 2489 894 2570 Itaque
915 2509 950 2550 eo
971 2492 1088 2551 facilius
1108 2489 1261 2564 adducor,
1291 2501 1327 2550 ut
1354 2498 1495 2571 quattuor
1514 2489 1717 2568 prestantissi-

303 2613 421 2653 morum
443 2595 588 2655 librorum
610 2597 751 2656 lectiones
770 2595 997 2677 diligentissime
1016 2599 1176 2677 exscriptas
1202 2595 1235 2655 in
1256 2595 1423 2676 appendice
1443 2592 1559 2675 publici
1578 2594 1651 2672 juris
1673 2594 1717 2650 le-

303 2699 391 2758 ciam.
431 2700 580 2782 Integram
610 2704 691 2760 enirn
721 2705 860 2761 'omnium
887 2700 1053 2780 Codicum,
1085 2719 1160 2779 quos
1182 2702 1266 2760 etin
1285 2699 1438 2772 Helvetia,
1460 2710 1489 2758 ct
1508 2701 1543 2757 in
1562 2697 1648 2756 Italia
1669 2707 1717 2756 at-

302 2821 360 2882 que
374 2801 472 2863 Gallia
493 2808 623 2886 contuli,
644 2807 832 2878 varietatem,
853 2825 944 2885 quam
965 2807 1095 2864 multia
1116 2824 1165 2862 me
1193 2801 1419 2882 ssagimerunt,
1448 2822 1511 2860 non
1531 2803 1615 2881 prius
1634 2805 1717 2862 erul-

300 2924 367 2987 gare
388 2909 549 2984 couetitui,
571 2931 660 2990 quam
676 2909 802 2968 Codices
816 2908 1005 2966 Britannicos
1026 2906 1249 2964 examinassem.
1271 2903 1313 2961 rlc
1332 2904 1467 2980 primum
1483 2901 1559 2961 Cod.
1578 2903 1656 2979 5748
1670 2904 1713 2982 (b)

300 3020 384 3090 cujus
404 3031 513 3090 paucas
542 3012 686 3071 lectiones
705 3010 866 3068 Bumutius
895 3011 1097 3087 exscripserat,
1124 3009 1232 3066 iterum
1255 3006 1436 3078 examinavi,
1472 3026 1561 3086 quern
1582 3009 1649 3068 Sacc.
1670 3008 1714 3067 XI

300 3118 442 3194 scriptum
470 3135 532 3174 esse
560 3114 675 3190 judico.
716 3111 818 3171 Multae
839 3115 949 3191 glossa
969 3122 999 3170 et
1025 3129 1113 3190 supra
1140 3112 1250 3169 lincam
1273 3120 1302 3169 et
1329 3111 1362 3169 in
1389 3113 1523 3194 margine
1542 3112 1712 3194 adscriptae,

301 3220 428 3278 auctoris
439 3217 528 3280 rerba
544 3218 647 3298 saepius
662 3219 786 3296 antiqua
799 3218 845 3276 vel
856 3215 958 3274 eadem
981 3235 1073 3274 manu
1094 3215 1268 3290 ernendata3
1290 3235 1311 3274 e
1326 3197 1417 3291 et'oe,
1438 3236 1456 3277 o
1475 3227 1505 3278 et
1524 3226 1538 3277 t
1557 3220 1712 3299 sepissime

301 3333 330 3382 et
351 3324 383 3382 in
405 3322 508 3383 eadem
536 3339 608 3385 voce
637 3329 766 3386 mutatae.
809 3319 850 3379 Ex
870 3321 1122 3402 interpunctionis
1142 3322 1233 3402 signis
1255 3322 1382 3382 maxime
1402 3324 1566 3382 semicolon
1587 3343 1713 3405 usurpa-

301 3437 378 3496 turn,
418 3427 607 3509 Compendia
639 3431 791 3509 scripturae
817 3422 965 3507 plurima,
1000 3437 1031 3485 et
1066 3426 1245 3506 antiquioris
1280 3425 1498 3508 orthographia
1534 3413 1711 3508 paucissima

300 3534 433 3616 vestigia.
453 3533 549 3593 Etiam
570 3531 640 3593 hoc.
661 3536 740 3614 plur.
763 3533 797 3593 in
819 3528 844 3592 is
863 3534 966 3591 rarior.
997 3530 1132 3590 Praeterea
1153 3529 1230 3592 Cod.
1250 3530 1340 3605 6085,
1360 3541 1391 3590 et
1408 3532 1507 3611 ipsum
1529 3553 1546 3592 a
1565 3531 1711 3594 Burnnfio

301 3641 462 3713 collatum,
483 3639 535 3718 qui
557 3639 728 3698 melioribus
747 3638 833 3698 libris
853 3635 1094 3697 adnumerandus
1112 3645 1141 3694 et
1171 3647 1275 3716 praeter
1295 3636 1456 3695 Catilinam
1477 3647 1507 3695 et
1526 3634 1707 3719 Jugnrthnm

300 3744 376 3804 dolii
389 3743 593 3823 Exsuperantii
607 3743 742 3804 libellum
762 3754 792 3805 et
801 3741 900 3808 Publii
911 3744 976 3824 Syri
985 3744 1094 3803 Mimos
1104 3744 1256 3824 continet,
1276 3743 1385 3801 iterum
1404 3735 1579 3803 examinavi.
1607 3742 1711 3823 Scrip-

302 3859 368 3908 tura
388 3850 482 3930 priori
502 3851 671 3932 simillima,
693 3851 750 3909 nisi
772 3849 853 3930 quod
874 3850 966 3931 magis
987 3851 1188 3929 antiquiorem
1211 3846 1454 3932 orthographiam
1477 3857 1585 3907 tuetur.

400 3953 515 4014 Tertius
542 3954 618 4015 liber
646 3965 689 4016 est
709 3953 937 4016 Thoanteae.
959 3955 1037 4036 6095
1059 3952 1110 4036 (n)
1131 3953 1296 4015 Membran.
1318 3955 1405 4014 initio
1424 3954 1493 4014 Sao.
1514 3953 1578 4018 XV.
1599 3954 1649 4016 sed
1669 3953 1708 4018 ab

300 4059 417 4139 optimo
437 4057 515 4119 libro
543 4059 706 4141 descriptus
726 4063 777 4141 qui
796 4065 907 4121 multas
928 4062 1109 4142 optimarum
1131 4063 1294 4122 lectionum
1317 4065 1476 4123 confirmat
1495 4062 1576 4123 etin
1598 4066 1708 4123 melio·

299 4164 382 4224 ribus
402 4163 487 4226 libris
508 4163 662 4224 habendus
682 4177 742 4225 est:
763 4165 873 4230 Insunt
893 4167 1042 4243 Catilina,
1061 4164 1220 4248 Jugurtha,
1240 4167 1282 4228 1v
1303 4165 1485 4230 Catilinariae
1505 4166 1659 4228 Ciceronis
1678 4179 1707 4228 ct

299 4267 482 4332 Declamatio
510 4272 544 4330 in
572 4271 744 4332 Salustium.
786 4264 1086 4353 Consentit-‹jnidem
1109 4272 1212 4353 saepius
1233 4290 1302 4330 cum
1325 4271 1419 4330 tribus
1439 4271 1575 4342 Parisinis
1596 4273 1706 4330 melio·

299 4372 399 4448 ribus,
427 4375 478 4435 sed
506 4379 609 4440 insunt
635 4381 777 4440 lectiones
797 4382 923 4458 propriae
952 4381 1023 4440 satis
1055 4380 1173 4452 multae,
1201 4396 1298 4457 neque
1327 4396 1366 4437 ec
1394 4375 1634 4450 contemnendae,
1661 4377 1705 4436 ita
