4334 5354
1638 501 1709 598 ³¹7
1737 588 1739 592 Ι

298 693 388 754 Ρο01.
411 687 497 775 peri.
519 690 622 756 Verb.
641 673 1065 775 Dep.‘passiveponuntur
1084 695 1120 754 C.
1141 714 1171 773 7.
1191 692 1345 777 adeptus
1369 704 1401 760 J.
1436 710 1504 754 roa.
1536 691 1713 758 Modera-

299 797 409 877 1073.
438 792 577 858 enisum
597 801 645 859 25.
677 797 964 879 interpretatum
984 818 1031 877 ι7.
1054 794 1288 862 machinatus
1305 802 1340 861 G.
1358 799 1408 874 48.
1430 799 1474 860 H.
1496 815 1526 865 a.
1544 801 1594 877 87.
1617 819 1713 862 mer-

300 908 407 964 catus
424 903 464 963 H.
479 905 506 964 5.
529 914 559 974 4.
580 903 669 964 adde
690 897 823 964 ulcisci
844 899 1020 984 nequitur
1036 914 1067 968 J.
1089 907 1138 965 31.
1238 947 1241 956 ·

377 1007 445 1068 Sed
463 1005 648 1089 saepissime
673 1007 779 1070 verba
802 1006 914 1068 activa
933 1007 1089 1071 absolute
1110 1016 1340 1093 usurpantur,
1360 1008 1508 1072 maxime
1527 1007 1710 1091 pronomi-

298 1109 400 1173 nibus
411 1107 563 1187 otn'issis,
587 1120 722 1175 vertere
739 1119 773 1175 et
793 1119 1004 1174 convertere
1019 1113 1144 1197 sepius
1158 1113 1239 1178 vide
1256 1116 1329 1178 ind.
1351 1122 1498 1178 mutare
1510 1116 1555 1176 H.
1573 1113 1641 1176 inc.
1663 1137 1711 1194 ¹7·

297 1214 445 1278 auxisse
458 1217 497 1276 H.
519 1219 545 1278 Ι.
570 1239 615 1299 ¹9·
639 1213 798 1280 incitare
814 1219 850 1278 C.
876 1218 903 1278 5.
915 1211 1050 1306 facere
1068 1223 1097 1282 3.
1115 1221 1145 1284 8.
1163 1241 1303 1302 parare
1328 1224 1355 1283 6.
1379 1224 1426 1282 13.
1448 1217 1598 1283 hortari
1617 1225 1645 1285 5.
1662 1219 1711 1282 58.

296 1329 329 1384 J.
355 1321 404 1381 60.
437 1340 585 1384 monere
611 1323 661 1383 60.
688 1324 737 1394 64.
760 1321 958 1385 admonere
979 1325 1015 1387 C.
1041 1325 1069 1391 5.
1099 1321 1267 1390 invadere
1297 1348 1325 1387 a.
1351 1348 1380 1406 7.
1407 1345 1454 1389 ιο.
1487 1325 1634 1388 trahere
1660 1323 1709 1386 ib.

299 1429 477 1506 temptare
492 1429 523 1486 6.
548 1437 580 1490 J.
601 1440 650 1505 47.
672 1424 875 1510 ignoscere,
893 1431 1069 1508 persequi
1087 1431 1122 1490 G.
1142 1424 1178 1512 9.
1197 1428 1348 1514 implere
1369 1438 1403 1494 et
1421 1425 1582 1494 mercari
1600 1439 1633 1495 J.
1658 1443 1709 1510 47.

298 1527 405 1593 abuti
418 1531 454 1591 C.
472 1533 519 1591 13.
536 1531 760 1612 persuadere
778 1542 811 1596 J.
821 1534 880 1598 tir.
891 1527 1034 1618 fallere
1052 1535 1101 1596 66.
1121 1535 1291 1617 adpetere
1308 1540 1356 1598 63.
1374 1543 1500 1617 petere
1516 1536 1567 1608 64.
1588 1533 1711 1598 mode·

296 1630 381 1695 rari
397 1636 447 1708 45.
468 1637 694 1717 propulsare
720 1639 769 1698 51.
799 1630 941 1699 instare
962 1636 1008 1700 ib.
1028 1639 1078 1718 98.
1102 1641 1153 1712 84.
1169 1635 1365 1728 frustrari
1383 1643 1434 1702 58.
1457 1647 1578 1726 tegere
1598 1639 1634 1698 C.
1659 1638 1708 1702 511.

295 1748 327 1802 J.
353 1760 403 1821 97·
431 1735 574 1821 insequi
597 1743 646 1801 51.
679 1736 855 1804 incessere
875 1737 917 1804 C.
940 1767 970 1826 7.
993 1741 1219 1808 constituere
1237 1757 1269 1811 J.
1292 1747 1344 1806 66.
1375 1742 1493 1821 animo
1510 1762 1638 1830 gerere
1656 1756 1707 1822 70.

296 1842 486 1906 decernere
502 1848 553 1924 73.
574 1842 735 1909 retinere
751 1868 802 1926 79.
825 1842 1033 1925 delinquere
1053 1847 1104 1907 85.
1127 1844 1309 1928 imperare
1327 1847 1376 1908 ib.
1396 1869 1525 1933 gerere
1547 1847 1596 1908 ib.
1619 1852 1710 1909 tem·

289 1967 442 2032 perare,
460 1947 618 2011 reticere
639 1949 688 2009 ib.
703 1948 897 2029 providere
921 1969 972 2028 9⁰·
997 1949 1046 2010 Hs
1063 1951 1088 2008 I.
1112 1952 1160 2012 05.
1176 1949 1366 2034 'corfidere
1394 1954 1442 2011 13.
1459 1946 1616 2030 poenitet
1641 1965 1726 2037 ιο4.Ι

295 2045 462 2114 accidere
475 2073 542 2130 ιο7.
555 2054 756 2134 prolatare
774 2054 818 2115 H.
828 2054 854 2113 Ι.
869 2057 915 2115 15.
933 2048 1129 2135 prohibere
1143 2055 1186 2115 H.
1207 2056 1237 2127 4.
1257 2077 1303 2115 ιο.
1325 2048 1466 2118 obviarn
1488 2047 1542 2115 ire
1559 2055 1604 2114 H.
1618 2054 1645 2114 1.
1659 2056 1707 2117 ι5.

295 2151 333 2217 e'
346 2141 555 2218 Ι0000000100
570 2167 602 2221 J.
624 2176 675 2237 97.
698 2149 847 2220 oratum
866 2155 977 2223 mitto
995 2161 1043 2232 04.
1054 2157 1358 2241 'pratereundum
1374 2166 1469 2240 puto
1487 2159 1517 2230 4.

316 2172 441 2370 ἦ8011
457 2262 545 2324 mira
564 2271 614 2325 est
630 2262 770 2324 Salustii
785 2282 839 2326 ars
856 2262 895 2326 in
912 2263 1127 2348 temporibus
1144 2264 1242 2328 verbi
1260 2263 1525 2348 componentia
1545 2281 1615 2343 qua
1629 2262 1708 2343 qui-

295 2367 375 2428 dem
398 2385 436 2428 re
463 2366 520 2430 001
547 2366 697 2430 maxime
715 2367 807 2432 inter
828 2377 958 2433 ceteros
979 2365 1163 2433 historicos
1184 2368 1331 2434 excellit.
1372 2369 1425 2431 Ad
1450 2371 1545 2450 quod
1565 2366 1707 2431 dicendi

293 2469 480 2534 artificium
507 2473 699 2537 accuratius
717 2475 986 2539 examinandum
1015 2495 1126 2560 pauca
1162 2477 1207 2538 de
1227 2468 1415 2559 Irfinitieo
1441 2469 1620 2537 1110100100
1650 2472 1706 2535 di-

294 2581 402 2640 cenda
419 2588 514 2663 sunt,
537 2580 633 2659 cujus
655 2581 789 2646 ratione
807 2590 1004 2667 perspecta,
1024 2601 1129 2663 quam
1148 2579 1428 2667 legemscriptor
1447 2578 1486 2641 in
1509 2586 1706 2662 temporum

293 2683 416 2748 ordine
438 2692 573 2750 secutus
588 2687 650 2771 sit,
669 2686 773 2751 facile
794 2687 979 2773 intelligas.
1021 2689 1098 2770 Qua
1128 2690 1172 2750 de
1199 2694 1370 2750 structura
1398 2683 1555 2765 quamvis
1575 2702 1706 2768 nuper·

213 2845 216 2854 ,
292 2783 382 2852 01ωο
413 2791 483 2852 (100
518 2791 587 2853 0101
622 2791 717 2854 docti
746 2793 938 2855 accuratius
968 2791 1123 2876 egerint,
1163 2797 1279 2853 tamen
1310 2810 1383 2853 000
1410 2808 1705 2872 supervacaneum

291 2892 394 2970 duxi,
416 2915 492 2974 quae
511 2898 604 2979 apud
620 2894 807 2958 Salustium
826 2894 1074 2973 animadverti,
1095 2895 1217 2975 paucis
1235 2911 1419 2973 exponere.
1456 2893 1612 2954 Primum
1626 2892 1705 2974 qui-

291 2999 370 3062 dem
386 2999 468 3061 satis
482 3007 630 3076 constat,
652 2999 717 3059 Inf.
735 2997 814 3060 hist.
833 2995 937 3078 poni,
958 2993 1037 3077 ubi,
1058 2994 1184 3057 omissa
1202 2994 1416 3058 accuratiore
1432 2996 1614 3079 temporis,
1635 3018 1703 3060 nu·
1820 3037 1828 3056 .

290 3100 378 3164 meri
396 3109 431 3165 et
458 3119 612 3183 persone
638 3099 835 3180 notatione,
856 3097 1118 3160 100010000οιοι
1135 3097 1272 3178 aliquid
1290 3099 1440 3165 11001001
1461 3100 1500 3163 10
1521 3107 1612 3164 01010
1636 3101 1701 3165 ali·

290 3225 361 3286 quo
381 3221 453 3268 esse
471 3204 618 3268 dicitur:
640 3221 716 3283 quae
733 3207 848 3266 autem
860 3201 952 3265 ratio
972 3201 1063 3266 inter
1075 3203 1192 3287 plures
1209 3204 1363 3269 actiones
1381 3207 1439 3270 001
1454 3206 1507 3270 001
1522 3206 1701 3286 cujusdam

291 3291 498 3374 mutationes
534 3309 744 3392 intercedat,
777 3305 849 3386 ejus
880 3307 933 3372 rei
962 3308 1060 3372 nulla
1095 3309 1133 3370 10
1163 3311 1231 3372 hoc
1262 3313 1367 3374 modo
1398 3319 1450 3375 001
1478 3311 1698 3398 significatio.

291 3417 435 3501 Propter
460 3418 527 3480 boc
553 3414 729 3478 infinitum
750 3413 891 3478 dicendi
915 3431 1024 3498 genus
1045 3411 1202 3496 proxime
1222 3416 1267 3476 ad
1291 3416 1504 3478 substantiva
1526 3418 1700 3501 verbalia,
1761 3447 1765 3456 ·

291 3541 367 3604 quae
390 3521 572 3605 dicuntur,
591 3521 740 3606 accedit,
760 3522 821 3584 sed
848 3527 964 3584 tamen
986 3517 1058 3581 rim
1080 3517 1179 3582 verbi
1199 3518 1334 3584 0011001.
1375 3519 1487 3604 Igitur
1509 3523 1698 3585 admodum

291 3617 496 3702 conveniens
515 3635 566 3690 est
585 3627 624 3689 in
641 3627 798 3711 plurium
816 3624 992 3690 actionum
1009 3619 1287 3702 enumeratione,
1310 3646 1387 3706 quar
1403 3628 1586 3708 quomodo
1603 3625 1697 3691 10100

289 3752 326 3795 00
343 3751 505 3798 connexa
526 3732 613 3816 sint,
640 3731 830 3796 accuratius
851 3731 1022 3816 explicare
1040 3730 1214 3799 nolumus.
1254 3732 1292 3792 Id
1319 3733 1414 3812 quod
1440 3738 1490 3795 001
1509 3731 1698 3794 velhomi·

290 3858 393 3923 num,
413 3837 475 3920 qui
498 3837 755 3902 vehementiore
785 3836 896 3900 animi
921 3835 1053 3920 impetu
1078 3837 1213 3920 abrepti
1243 3837 1353 3901 multa
1381 3836 1486 3900 simul
1514 3830 1696 3917 effutiunt,

288 3946 343 4009 001
370 3965 507 4028 eorum,
540 3944 602 4026 qui
636 3944 731 4008 varia
761 3942 937 4022 cujusdam
969 3941 1124 4006 bominis
1155 3942 1270 4006 studia
1297 3951 1477 4023 00000001,
1511 3945 1689 4024 quomodo

288 4071 342 4115 res
363 4051 481 4132 aliqua
507 4059 600 4136 gesta
630 4050 693 4128 sit,
714 4049 905 4113 accuratius
926 4067 989 4132 per
1017 4056 1132 4131 partes
1160 4057 1356 4133 exponunt,
1375 4049 1557 4129 variasque
1578 4068 1694 4113 rerum

288 4158 471 4236 qualitates
490 4163 702 4220 enumerant.
735 4160 822 4218 Nam
839 4154 879 4218 in
899 4154 955 4218 his
975 4151 1138 4217 omuibus
1158 4153 1374 4218 illustrandis
1392 4174 1465 4218 nou
1487 4154 1525 4216 id
1548 4153 1693 4239 agimus,
1792 4225 1796 4236 ,

287 4269 326 4322 01
349 4264 524 4342 quomodo
555 4261 701 4324 alterum
721 4259 823 4324 alteri
847 4280 1038 4324 connexum
1067 4259 1132 4344 sit,
1162 4261 1364 4342 doceamus,
1394 4262 1454 4322 sed
1477 4268 1516 4322 ut
1539 4260 1692 4343 legentes

289 4363 536 4448 audientesque
557 4388 598 4434 ex
621 4365 785 4432 varietate
805 4385 921 4430 rerum
940 4364 1009 4450 ipsi
1029 4364 1156 4430 animis
1178 4372 1284 4432 status
1306 4364 1482 4445 cujusdam
1502 4363 1559 4428 vel
1578 4361 1692 4426 homi-
