4282 5390
415 445 463 518 38

410 635 631 702 mentissimae
651 633 889 699 contentiones
910 631 949 696 in
966 634 1054 698 urhe
1071 630 1175 698 inere.
1206 632 1361 697 Primum
1379 633 1417 695 L.
1435 631 1581 698 Roscius
1602 633 1696 699 Otho
1717 634 1758 706 t'r.
1777 641 1826 725 pl.
1867 693 1870 706 ,

411 763 490 806 cum
510 762 635 827 magna
656 741 780 826 populi
805 738 938 804 invidia
956 740 1071 825 legem
1085 737 1183 816 tulit,
1209 745 1249 820 ut
1272 737 1312 803 in
1331 739 1467 804 theatro
1497 737 1675 820 equitibus
1697 745 1829 814 Romae¹
1941 813 1945 820 ,

409 847 465 910 nis
482 849 531 910 XI
554 847 693 914 ordines
717 845 894 930 spectandi
913 844 1025 932 gratia
1048 847 1222 910 darentur.
1251 843 1312 910 cfr.
1339 845 1462 912 Ascon.
1491 843 1634 909 Pedian.
1665 847 1705 910 in
1742 852 1828 918 Con-
1890 845 1896 858 ’

308 985 313 994 ›
409 951 584 1014 nclianam
593 974 628 1033 p.
644 965 713 1027 140.
734 950 1057 1033 quaequidemlex,
1071 949 1237 1015 Cicerone
1253 958 1409 1035 auctore,
1428 950 1827 1037 equitibusdignitatem
1859 1020 1862 1025 ,

409 1062 444 1121 et
458 1057 672 1138 voluptatem
692 1056 858 1132 restituit,
880 1077 944 1139 pro
968 1058 1123 1122 Muraena
1142 1077 1170 1120 c.
1197 1076 1244 1136 ¹9·
1266 1055 1389 1136 Vellej.
1411 1059 1456 1121 II.
1477 1065 1526 1122 52.
1536 1056 1574 1141 o)
1594 1059 1709 1124 Multae
1729 1061 1828 1148 leges
1845 1099 1851 1111 .

409 1179 431 1224 a
443 1159 604 1225 Cornelio
619 1168 660 1227 tr.
677 1162 725 1246 pl.
745 1169 892 1247 rogatae3
913 1183 998 1245 una,
1012 1182 1079 1237 ,ne
1097 1160 1175 1243 quis
1187 1161 1226 1224 in
1239 1154 1360 1226 senatu
1372 1162 1508 1248 legibus
1519 1147 1712 1229 solveretur
1722 1207 1733 1244 ,
1756 1165 1826 1232 nisi

405 1263 469 1332 CC.
482 1262 683 1352 affuissent,
704 1288 790 1332 neve
808 1267 902 1352 quis,
923 1289 1003 1332 cum
1022 1249 1155 1354 solutus
1175 1276 1278 1352 esset,
1301 1268 1548 1354 intercederet,
1568 1291 1647 1334 cum
1665 1273 1710 1336 de
1727 1287 1771 1336 'ea
1784 1293 1823 1338 re

301 1378 303 1381 ’
334 1396 336 1400 ’
409 1372 454 1433 ad
472 1375 643 1457 populum
664 1372 845 1439 ferretur)>
870 1376 1006 1458 Altera,
1025 1382 1086 1449 «ut
1104 1383 1268 1458 praetores
1288 1395 1329 1440 ex
1349 1374 1420 1439 suis
1441 1373 1564 1440 edictis
1582 1367 1758 1460 pe1petuis
1765 1376 1824 1456 jus

407 1473 594 1542 dicerent.»
612 1481 746 1562 Tertia,
768 1499 812 1543 ne
830 1479 908 1560 quis
920 1479 1043 1566 legatis
1057 1487 1275 1546 externarum
1293 1481 1475 1545 nationum
1495 1479 1686 1564 pecuniam
1700 1501 1826 1566 expen-
1844 1570 1846 1575 s

351 1644 353 1648 .
409 1597 482 1643 sam
502 1582 625 1664 ferret,
645 1593 679 1648 et
695 1591 833 1669 quarta,
856 1584 1014 1669 nequis,
1038 1585 1107 1649 nisi
1117 1607 1180 1670 per
1188 1589 1359 1672 populum
1371 1585 1507 1672 legibus
1523 1584 1731 1666 solveretur,
1747 1607 1825 1668 quae

408 1691 761 1778 omnespromulgatae
769 1691 912 1772 quidem
920 1694 980 1756 sed
987 1691 1423 1776 intercessioneantiquatae
1435 1700 1531 1772 sunt3
1546 1694 1669 1773 quade
1684 1699 1829 1758 retenta
1857 1729 1859 1733 ,

408 1793 533 1874 populi
551 1793 604 1857 ira
617 1793 703 1880 fuit,
721 1806 761 1859 ut
781 1799 942 1862 Consulis
962 1798 1068 1864 fasces
1080 1799 1339 1885 frangerentur,
1358 1798 1560 1882 lapidesque
1580 1797 1686 1862 etiam
1710 1816 1752 1862 ex
1767 1797 1824 1859 ul-

410 1893 495 1958 tima
511 1900 678 1966 concione
696 1903 733 1965 in
745 1904 922 1968 consulem
929 1891 1139 1985 jacerentur.
1160 1904 1248 1968 Aliis
1265 1904 1420 1968 Cornelii
1434 1904 1572 1988 legibus
1580 1902 1740 1988 plerique
1751 1902 1824 1982 ejus

297 2079 301 2082 ·
379 1997 548 2086 'collegae
569 2004 844 2072 intercesserunt.
868 2010 928 2073 cfr.
947 2013 1072 2075 Ascon.
1093 2010 1235 2074 Pedian.
1266 2011 1407 2095 Argum.
1428 2008 1644 2074 Cornelianae
1665 2029 1700 2092 p.
1723 2024 1823 2070 121-

407 2109 477 2163 123.
497 2107 601 2169 mon.
624 2113 714 2188 Cass.
735 2114 884 2176 XXXVI.
904 2132 955 2176 aa.
976 2121 1025 2179 23.
1054 2117 1183 2196 Legem
1204 2134 1344 2195 quoque
1361 2119 1405 2180 de
1426 2114 1560 2176 ambitu
1581 2122 1825 2194 proposuerat,

404 2199 465 2269 sed
486 2215 621 2269 senatus
639 2211 760 2272 eadem
781 2212 824 2274 de
842 2231 881 2274 re
901 2214 1079 2274 consulem
1095 2216 1209 2296 legem
1228 2217 1319 2276 terre
1334 2217 1451 2292 jussit,
1475 2236 1552 2294 quae
1574 2213 1759 2297 Calpurnia
1778 2215 1823 2277 ab
1932 2231 1934 2236 ·
1972 2295 1977 2310 .

406 2330 448 2374 eo
467 2307 657 2396 appellnta3
688 2314 726 2408 in
758 2336 829 2396 qua
843 2304 974 2400 'praeter
1002 2315 1088 2380 alias
1106 2337 1225 2398 poenas
1249 2317 1451 2396 pecuniaria
1472 2337 1611 2397 quoque
1627 2335 1731 2400 poena
1752 2325 1827 2385 erat

406 2526 450 2586 de
470 2530 540 2586 tam
559 2526 690 2581 famosa
708 2516 872 2592 victoria,
897 2536 1002 2597 quam
1026 2533 1220 2600 cognomen
1247 2515 1657 2602 Creticumlreportaritst‘
1683 2525 1822 2592 Plutar-

327 2696 334 2709 ,
406 2629 490 2690 chus
507 2627 626 2704 Pomp.
646 2628 687 2683 cf
697 2640 747 2702 29.
778 2619 925 2682 Lucium
943 2620 1128 2684 Octavium
1144 2641 1165 2683 a
1185 2619 1349 2704 Pompejo
1366 2621 1510 2686 missum
1530 2626 1659 2706 tradit,
1672 2647 1822 2714 eumque

407 2747 485 2792 oum
499 2729 542 2790 ab
553 2726 710 2790 hostium
725 2726 882 2812 partibus
897 2725 1053 2810 stetisset,
1074 2746 1095 2788 a
1107 2725 1254 2790 Lucullo
1269 2735 1406 2810 captum
1420 2738 1454 2794 et
1468 2732 1563 2797 male
1574 2731 1749 2824 habitum,
1764 2740 1821 2802 di-

405 2834 549 2898 missum
566 2833 686 2912 fuisse3
708 2817 879 2896 consentit
898 2830 967 2896 Dio
985 2832 1120 2904 Cassius
1133 2833 1209 2898 Lib.
1228 2833 1375 2899 XXXVI.
1396 2856 1424 2902 1.
1441 2857 1469 2897 a.
1489 2841 1542 2902 De
1558 2842 1819 2923 controversiis,
1897 2831 1909 2920 ‚¹

404 2960 482 3022 quae
504 2938 596 3003 inter
622 2938 804 3002 Metellum
827 2945 861 3001 et
879 2937 1083 3023 Pompejum
1107 2941 1151 3002 de
1177 2939 1393 3004 Cretensium
1416 2941 1595 3034 deditione
1619 2951 1702 3010 ortae
1722 2957 1818 3032 sunt,

407 3045 466 3110 cfr.
487 3045 635 3128 Appian.
663 3051 697 3105 et
715 3042 819 3106 Dion.
844 3043 882 3110 ll.
910 3045 949 3109 ll.
972 3065 1041 3128 qua
1062 3049 1105 3109 de
1123 3066 1162 3109 re
1185 3045 1303 3110 Livius
1327 3046 1416 3132 Epit.
1438 3043 1560 3113 XCIX:
1579 3039 1745 3134 ,praetera
1765 3072 1820 3116 res

340 3233 342 3236 Ι
406 3156 516 3236 gestas
533 3168 553 3209 a
569 3149 609 3232 Q.
623 3149 765 3212 Metello
782 3151 944 3213 adversus
970 3152 1145 3214 Cretenses
1165 3151 1337 3235 continet,
1358 3160 1392 3216 et
1410 3153 1569 3239 epistolas
1586 3158 1647 3224 Cn.
1661 3157 1820 3242 Pompeji

407 3261 440 3316 et
459 3252 593 3316 Metelli
604 3252 759 3340 invicem
775 3254 912 3333 missas3
933 3243 1091 3335 queritur
1112 3254 1292 3340 Metellus,
1318 3255 1467 3340 gloriam
1486 3259 1555 3321 sibi
1574 3281 1691 3324 rerum
1709 3270 1820 3348 gesta·

405 3378 484 3420 rum
504 3377 525 3418 a
543 3356 709 3440 Pompcjo
730 3358 887 3445 praeripi,
909 3359 972 3440 qui
995 3359 1034 3420 in
1057 3360 1345 3444 Cretam-miserit
1367 3362 1521 3446 legatum
1532 3383 1639 3430 suum
1661 3369 1706 3430 ad
1728 3369 1818 3433 acci-

403 3463 549 3547 piendas
581 3465 731 3526 urbium.
747 3465 952 3528 deditiones.
982 3463 1166 3547 Pompejus
1198 3467 1366 3526 rationem
1395 3466 1531 3546 reddit,
1560 3469 1628 3530 hoc
1649 3470 1818 3536 sefacere

405 3567 595 3632 debuisse.»
615 3569 663 3630 id.
677 3567 768 3653 Epit.
783 3573 820 3632 C.
843 3572 906 3655 «Ω.
919 3568 1098 3652 Metellus,
1111 3567 1317 3652 perdomitis
1332 3569 1567 3654 Cretensibus,
1587 3571 1707 3638 liherae
1723 3571 1761 3638 in
1777 3577 1812 3657 id
1928 3601 1930 3606 ·

357 3754 359 3758 f
404 3679 539 3757 tempus
557 3673 684 3737 -insulae
702 3675 796 3759 leges
810 3675 939 3739 dedit.»
959 3656 1019 3743 cfr.
1039 3673 1161 3753 Vellej.
1179 3673 1244 3735 1.1.
1265 3677 1337 3748 «Ne
1362 3674 1405 3735 ab
1423 3676 1525 3756 hujus
1545 3663 1694 3758 quidem
1712 3677 1821 3747 usura

405 3779 525 3867 gloriae
546 3779 750 3862 temperavit
769 3779 925 3866 animum
945 3783 1005 3842 Cn.
1025 3770 1225 3862 Pompejus',
1245 3764 1332 3860 quin
1350 3778 1503 3844 victorie
1522 3792 1655 3867 partem
1672 3806 1815 3856 conare·

406 3893 461 3946 tun
476 3885 662 3946 vindicare.
683 3885 750 3946 Sed
771 3893 804 3945 et
820 3884 959 3945 Luculli
977 3883 1160 3948 et‘Metelli
1181 3883 1414 3968 triumphum,
1433 3906 1512 3948 cum
1525 3887 1679 3971 ipsorum
1692 3892 1817 3980 singu.-

405 3985 488 4050 laris
513 3985 640 4061 virtus,
665 3997 739 4048 tum
768 3986 870 4051 etiam
901 3987 1035 4049 invidia
1063 3984 1216 4070 Pompeii
1235 3991 1329 4072 apud
1350 3990 1520 4076 optimum
1538 4012 1710 4078 quemque
1731 3999 1815 4064 fecit

407 4089 664 4161 favorabilem.”
1024 4098 1028 4106 ’
1635 4105 1636 4111 ’
1729 4151 1743 4171 ,
1803 4111 1810 4126 “
1835 4081 1839 4090 ¹

487 4195 524 4281 i)
544 4194 717 4285 Lir.Epit.
735 4195 850 4258 XCIX.
869 4197 923 4266 L‚t
935 4193 1118 4279 <<Roscius,
1139 4202 1179 4263 tr.
1190 4196 1237 4281 pl.
1259 4196 1476 4283 legcmtulit,
1497 4211 1536 4266 ut
1552 4202 1725 4286 equitibus
1740 4207 1811 4270 Ro·

408 4297 520 4392 manis
539 4300 578 4365 in
597 4303 732 4367 theatro
753 4300 1014 4386 quatuordecim
1037 4303 1162 4387 gradm
1177 4303 1330 4394 proximi
1346 4304 1641 4394 adsignatumue.»
