4282 5390
1680 487 1728 584 39
1773 497 1778 502 “

319 617 460 750 adjecti.
480 668 542 734 cfr.
553 665 657 738 Dion.
673 663 747 730 Lib.
761 665 909 734 XXXVL
926 683 976 733 ar.
995 669 1119 734 Areon.
1133 669 1274 738 Pedian.
1289 674 1479 748 comment.
1495 677 1532 738 in
1551 677 1730 744 Cornelia-

205 854 210 867 ,
316 797 398 844 nam
419 801 454 864 p.
479 782 550 841 132.
566 771 700 837 Ernesti
715 772 826 836 Clanis
841 773 912 836 Cio.
929 794 955 838 s.
970 795 1002 838 v.
1020 774 1060 857 θ)

327 919 329 928 1
394 885 463 951 Sed
483 881 582 946 nulla
600 880 683 966 lege.
697 879 845 959 majores
863 881 972 946 turbae
995 879 1164 958 excitata,
1182 902 1288 965 quam
1303 883 1483 969 rogatione
1504 886 1671 972 Gabinia,
1691 897 1731 952 ut

318 987 695 1074 Pompejo’imperIum
716 994 836 1050 contra
852 984 997 1070 piratas,
1024 985 1185 1068 quitum
1210 987 1328 1052 omnia
1364 990 1473 1053 maria
1500 1012 1573 1055 non
1592 994 1731 1058 furtivis

318 1094 598 1182 expeditionibus
612 1096 672 1157 sed
687 1093 852 1157 classibus
869 1092 1095 1176 infestabant,
1117 1095 1308 1160 deferretur
1323 1104 1478 1178 essetque
1496 1099 1530 1161 ei
1544 1097 1733 1182 imperium

318 1221 457 1285 aequum
474 1201 512 1265 in
532 1200 695 1268 omnibus
713 1200 902 1286 provinciis
923 1221 1001 1263 cum
1015 1202 1282 1285 proconsulibus
1296 1223 1404 1285 usque
1421 1205 1467 1267 ad
1487 1204 1734 1290 quinquagesi-

319 1328 416 1374 mum
432 1308 642 1373 milliarium
663 1329 684 1371 a
697 1307 795 1372 mari.
816 1311 893 1393 Quo
914 1309 946 1372 S.
964 1310 998 1371 C.
1016 1329 1115 1392 paene
1128 1310 1234 1373 totius
1249 1318 1418 1375 terrarum
1439 1311 1534 1390 orbis
1547 1310 1734 1396 imperium
1826 1311 1829 1318 ’

319 1414 384 1478 uni
395 1416 473 1482 viro
490 1415 718 1480 deferebatur.
732 1415 921 1494 cfr.Vellej.
933 1418 977 1479 ΙΙ.
991 1421 1040 1478 31.
1050 1415 1304 1479 Dissuadebant
1314 1417 1504 1502 optimates,
1515 1422 1574 1484 sed
1588 1415 1733 1481 consilia

319 1518 452 1605 impetu
465 1521 556 1586 vieta
567 1530 654 1584 sunt.
668 1521 790 1598 Vellej.
805 1521 830 1583 1.
839 1521 863 1583 l.
872 1520 930 1602 Ν)
949 1519 1109 1602 Denique
1124 1529 1275 1585 extremo
1287 1523 1370 1584 anni
1381 1544 1498 1586 mense
1512 1527 1548 1585 G.
1567 1519 1732 1585 Manilius

320 1625 435 1712 legem
449 1627 546 1710 tulit,
565 1634 604 1689 ut
617 1626 792 1690 libertinis
806 1625 844 1687 in
858 1626 1020 1688 omnibus
1036 1627 1193 1690 tribubus
1207 1621 1408 1712 suffragium
1423 1637 1520 1691 esset.
1540 1627 1602 1693 cfr.
1620 1629 1733 1690 Asoon

319 1731 461 1796 Pedian.
472 1733 511 1795 in
528 1733 651 1796 Milon.
675 1755 709 1818 p.
736 1753 805 1816 197·
826 1733 929 1796 Dion.
951 1734 1046 1795 Cass..
1062 1732 1138 1796 Lib.
1160 1734 1309 1797 XXXVI.
1326 1753 1354 1796 c.
1379 1734 1430 1796 25.
1443 1731 1523 1815 Μ)
1545 1731 1602 1795 Μ’.
1616 1729 1731 1794 Acilio

200 1859 202 1864 ·
320 1836 507 1902 Glabrioni
534 1839 698 1924 Bithynia
718 1837 899 1922 provincia
919 1841 1055 1901 decreta
1081 1846 1141 1903 est.
1168 1839 1229 1931 οἷο.
1246 1840 1351 1901 Dion.
1372 1846 1458 1902 Cass.
1488 1838 1564 1900 Lib.
1583 1838 1733 1904 XXXVI.

254 1993 262 2004 ,
321 1965 350 2008 ο.
376 1958 424 2019 ιο.
446 1950 481 2006 et
505 1965 553 2024 17·
581 1951 615 2008 C.
637 1944 718 2010 Piso
739 1942 891 2019 Galliam
910 1945 1171 2010 Narbonensem
1190 1944 1352 2009 obtinuit
1380 1944 1439 2007 cfr.
1464 1944 1567 2007 Dion.
1592 1948 1679 2008 Cass.
1693 1943 1732 2008 L.

319 2048 467 2118 XXXVI.
486 2069 514 2110 c.
533 2065 583 2115 20.
658 2115 660 2120 ,

402 2252 440 2338 ⁰)
464 2257 499 2315 C.
519 2252 620 2334 Piso,
649 2275 727 2313 cum
743 2258 857 2334 legem
877 2257 920 2311 de
942 2250 1077 2310 ambitu
1095 2271 1144 2319 ex,
1156 2248 1189 2310 S.
1211 2254 1244 2310 C.
1260 2247 1471 2332 graviorem,
1498 2269 1604 2328 quam
1622 2249 1733 2318 fuerat

322 2367 439 2438 antea,
467 2355 587 2432 ferret,
611 2362 645 2414 et
661 2363 804 2434 propter
819 2351 1081 2412 multitudinem
1098 2352 1305 2438 divisorum,
1326 2353 1388 2433 qui
1402 2345 1465 2439 per
1483 2356 1555 2418 vim
1576 2361 1734 2424 adversa-

320 2470 472 2536 bantur,
495 2480 514 2524 e
534 2458 611 2521 foro
631 2454 759 2532 ejectus
778 2457 884 2532 esset,
903 2450 1075 2530 edixerat,
1097 2456 1136 2509 ut
1157 2449 1219 2528 qui
1239 2440 1490 2534 rempublicam
1511 2464 1640 2526 salvam
1662 2466 1735 2530 vel.

321 2573 412 2656 lent,
433 2570 478 2632 ad
493 2567 608 2650 legem
626 2558 864 2642 accipiendam
883 2558 1053 2639 adessent,
1076 2561 1109 2618 et
1128 2555 1258 2634 majore
1276 2578 1382 2620 manu
1395 2560 1538 2644 stipatus
1556 2566 1600 2625 ad
1621 2567 1734 2652 legem

321 2676 560 2764 perferendam
579 2668 810 2734 descenderat.
832 2663 893 2727 cfr.
916 2665 1038 2731 Asson.
1058 2661 1097 2726 in
1115 2664 1248 2726 Cornel.
1270 2687 1304 2749 p.
1326 2670 1394 2747 137.
1413 2674 1447 2730 et
1462 2668 1501 2730 in
1518 2673 1614 2756 Toga
1630 2677 1735 2742 Cand.

347 2829 356 2848 .
379 2805 393 2845 1
418 2785 447 2843 8.
697 2787 710 2802 ‘
1141 2809 1144 2814 ·

321 2806 345 2869 p
398 2799 461 2968 litt)
482 2881 585 2947 Dion.
611 2886 698 2947 Cass.
722 2879 871 2943 XXXVI.
897 2899 925 2940 c.
947 2879 1059 2944 6-20.
1086 2874 1176 2938 Plut.
1198 2857 1319 2960 Pomp.
1344 2880 1394 2940 25.
1413 2855 1513 2932 ἐδίδου
1531 2852 1603 2965 γσῖρ
1622 2849 1736 2960 ἅρχων

324 2989 341 3064 ὃ
371 2973 464 3090 οἶμος
489 2984 583 3087 αὐτῷ
609 2984 664 3071 τῆς
692 2972 990 3078 ἐνοδοΗροννολείων
1018 2981 1128 3066 ςηλῶν
1156 2966 1372 3068 θαλάσσης,
1400 2979 1525 3078 ἠπείρου
1555 2975 1591 3054 li
1619 2969 1736 3073 ποίοης

324 3100 382 3186 iri
401 3103 532 3190 ςωὸίὸνς
552 3105 775 3203 τετρακοσίους
794 3090 869 3176 dul
887 3088 1083 3190 θωλοῖσοης
1101 3149 1152 3164 -
1171 3094 1254 3200 nqis
1272 3091 1307 3175 ii
1325 3088 1444 3184 τούτοις
1463 3088 1608 3185 iniria.
1627 3132 1735 3195 mm.
1795 3162 1797 3166 ,

324 3225 464 3306 »diluto
482 3219 686 3326 πρεςβουτοὶς
705 3213 800 3295 dvali
820 3221 860 3296 ἐκ
878 3217 1003 3316 βουλῆς
1019 3211 1078 3294 ἐπὶ
1098 3214 1161 3303 τοὶς
1179 3211 1274 3319 nagal
1292 3208 1390 3323 μέρος
1407 3220 1590 3322 ἡγεμονίας·
1600 3213 1735 3328 mm

324 3379 372 3426 τον
390 3343 425 3423 ‹li
444 3333 636 3448 λοιμβοίνονν
655 3343 694 3415 ἐκ
712 3341 774 3415 τῶν
791 3341 943 3441 τωμνείων
961 3337 1021 3412 uni
1040 3328 1139 3437 πονροέ
1160 3341 1221 3415 των
1238 3329 1400 3423 τολῶνων,
1417 3327 1486 3416 ὀὀον
1503 3333 1655 3431 βούλοντο
1674 3349 1735 3422 καὶ

326 3464 593 3555 νονῦςδνοοκοοίως,
613 3449 714 3560 κύριον
724 3445 801 3536 ltro
810 3448 1037 3548 πλήθονονοονὶ
1054 3448 1255 3555 κωτονλᾶγον
1273 3467 1413 3561 nearing
1431 3467 1490 3538 νωνὶ
1501 3453 1735 3565 πληρωμάτων

324 3591 477 3693 ἐρετικῶν,
497 3592 565 3654 Sed
579 3597 697 3673 postea
707 3587 890 3673 plebiscito
906 3594 940 3651 et
954 3588 1095 3652 navium
1107 3597 1142 3654 et
1156 3587 1333 3672 copiarum
1346 3593 1510 3652 numerus
1524 3597 1652 3652 auctus.
1674 3588 1735 3656 cfr.

325 3712 415 3782 Plut.
429 3709 548 3788 Pomp.
564 3706 614 3767 26.
1673 3774 1676 3786 ν

401 3813 479 3896 Pii)
499 3814 621 3874 Asson.
643 3808 668 3870 1.
685 3807 708 3868 l.
728 3807 831 3881 ,Nam
845 3825 886 3869 eo
902 3811 1073 3889 ternpore,
1095 3825 1174 3868 eum
1196 3809 1254 3867 C'n.
1272 3805 1447 3890 Manilius,
1467 3805 1533 3889 (ita
1548 3809 1737 3874 emendari.

326 3918 426 4002 dum)
446 3926 488 3982 tr.
504 3916 552 4002 pl.
570 3913 735 3979 subnixus
754 3909 1000 3974 libertinorum
1020 3919 1054 3974 et
1069 3927 1244 3972 servorum
1262 3931 1377 3984 manu,
1396 3910 1661 3994 perditissimam
1682 3911 1735 3978 le-

326 4045 405 4112 gern
422 4024 536 4108 ferret,
553 4031 591 4084 ut
607 4017 780 4082 libertinis
800 4017 838 4080 in
859 4016 1021 4079 omnibus
1032 4005 1190 4078 tribubus
1205 4010 1408 4099 suffragium
1427 4026 1528 4096 esset,
1550 4013 1655 4096 idque
1670 4037 1734 4100 per

326 4131 513 4194 tumultum
526 4135 657 4213 ageret,
671 4134 704 4189 et
720 4124 847 4187 clivum
860 4121 1087 4206 Capitolinum
1104 4121 1295 4203 obsideret,
1305 4117 1507 4180 discusserat
1516 4130 1737 4203 perruperat-

328 4255 394 4316 que
411 4244 541 4300 coetum
556 4232 740 4308 Domitius,
752 4231 801 4293 ita
813 4236 852 4292 ut
866 4229 971 4291 multi
981 4227 1252 4292 Manilianorum
1262 4221 1548 4307 interficerentur,
1561 4241 1631 4306 quo
1642 4224 1732 4290 facto

329 4347 363 4405 et
378 4342 516 4426 plebem
530 4339 685 4407 infimam
700 4332 889 4404 offenderat
905 4342 939 4401 et
956 4340 1093 4398 senatus
1109 4347 1270 4420 magnam
1284 4327 1431 4417 gratiam
1442 4327 1600 4406 inierat.t
