4242 5334
369 485 440 564 108

410 686 445 741 10
464 686 544 748 sunt
567 677 615 738 15.
637 692 741 758 penes
762 676 921 752 optumos
942 664 1057 729 forent
1078 671 1127 728 3ι.
1150 661 1441 736 commonefacere
1460 663 1699 732 benefieii'sui
1720 684 1772 755 19.

406 782 584 845 beneficiis
603 781 712 842 vietus
737 794 802 838 102.
826 793 938 853 neque
959 770 1127 834 beneficio
1149 789 1261 849 neque
1283 775 1377 831 metu
1398 768 1565 831 co'e'reitus
1587 793 1637 851 91.
1750 845 1756 852 ἱ

365 887 528 972 Benigne
549 881 726 964 respondit
744 883 775 941 J.
794 899 851 941 ιι.·
861 879 920 944 cfr.
946 898 1012 938 102.
1034 876 1208 958 appellare
1229 875 1357 938 milites
1380 897 1427 935 10.
1449 875 1773 965 5080101189101-

406 990 486 1048 dam
508 995 653 1048 ostentat
675 987 723 1046 68.
746 988 838 1047 dona
860 982 978 1046 omnia
1000 982 1037 1042 in
1058 979 1272 1064 benignitate
1293 980 1510 1041 habebantur
1532 988 1598 1046 103.

362 1086 513 1157 Βίεήηίἰ
527 1090 788 1154 infoeeunditate
808 1091 849 1150 H.
870 1090 931 1150 III.
954 1105 1001 1148 12.
1022 1085 1123 1147 binas
1143 1093 1202 1148 aut
1222 1084 1370 1170 amplius
1393 1087 1514 1151 domos
1535 1089 1569 1149 C.
1592 1105 1641 1151 20.
1671 1069 1773 1156 binos

402 1197 731 1263 mmmm,
1018 1250 1022 1256 .

364 1221 967 1383 11001119111011111901111011
995 1295 1098 1383 nobis
1119 1293 1272 1358 amicitia
1298 1295 1328 1356 J.
1353 1300 1380 1359 5.
1408 1296 1442 1364 b.
1463 1295 1652 1379 fidelesque
1673 1319 1772 1362 man.

403 1427 477 1470 sere
499 1431 544 1489 77.
576 1406 611 1466 h.
635 1403 839 1484 honestique
859 1405 966 1466 vitam
987 1403 1163 1485 exigerent
1183 1403 1234 1463 85.
1261 1403 1292 1462 1).
1314 1422 1429 1464 rerum
1451 1420 1532 1463 eura
1556 1425 1583 1464 1.
1605 1403 1716 1466 otium
1738 1407 1771 1468 G

369 1533 373 1538 ·
404 1529 434 1588 4.
456 1511 632 1594 ingenium
651 1513 682 1571 J.
704 1514 754 1571 81.
784 1509 939 1570 animum
959 1508 1086 1570 habere
1108 1509 1157 1568 85.
1178 1505 1281 1568 honis
1302 1505 1415 1568 initiis
1435 1507 1470 1568 C.
1495 1529 1541 1568 ιι.
1560 1507 1705 1572 bonisne
1726 1527 1771 1572 au

402 1616 503 1688 malis
525 1617 678 1677 moribus
696 1615 850 1677 vivamus
873 1617 910 1674 G.
934 1621 981 1677 31.
1002 1614 1036 1674 1).
1059 1632 1171 1705 mores
1193 1615 1230 1675 C.
1251 1633 1281 1692 9.
1302 1612 1490 1695 imperator
1511 1616 1560 1674 60.
1579 1613 1619 1674 in
1640 1613 1772 1677 artibus

403 1720 576 1789 ciritetem
605 1721 775 1782 retinebat
802 1729 835 1784 J.
858 1712 915 1793 ¹45.
945 1717 1026 1779 vide
1053 1737 1079 1778 s.
1111 1738 1143 1780 v.
1171 1705 1244 1779 ors.
1273 1738 1356 1802 ager
1384 1719 1497 1780 bonus
1522 1718 1642 1800 pecori
1666 1729 1716 1798 17.
1735 1721 1770 1780 1).

403 1825 550 1887 consilio
573 1848 603 1905 7.
634 1827 671 1886 1).·
692 1832 811 1887 eontra
830 1821 985 1908 pericula
1005 1825 1048 1884 Η.
1070 1823 1139 1885 ine.
1163 1845 1231 1902 129·
1268 1823 1384 1886 bonus
1403 1823 1506 1888 subst.
1529 1825 1563 1883 C.
1589 1843 1635 1901 ¹9·
1666 1834 1696 1888 J.
1719 1825 1769 1896 41.

401 1930 489 1992 boni
509 1921 611 2010 atque
631 1931 749 2014 ignavi
771 1932 820 2008 57.
851 1949 927 2008 qnae
948 1926 1089 2012 pessimi
1110 1935 1144 1991 et
1168 1928 1361 1991 stultissimi
1382 1931 1579 2010 decrevere,
1609 1948 1649 1991 ea
1668 1927 1771 1992 bonis

402 2040 438 2096 et
457 2033 669 2115 sapientibus
690 2034 848 2096 facienda
867 2043 956 2097 sunt.
976 2037 1022 2099 H.
1043 2036 1069 2096 1.
1093 2055 1140 2114 19.
1161 2034 1347 2118 imperium
1369 2037 1414 2096 ad
1444 2034 1587 2118 ignaros
1616 2041 1675 2094 aut
1703 2033 1771 2096 mi-

225 2159 236 2172 ·
334 2166 351 2190 ι·
404 2157 470 2200 nus
489 2139 600 2214 bonos
618 2139 775 2222 pervenit
794 2141 826 2200 J.
849 2143 896 2200 51.
926 2159 1041 2220 aequos
1061 2140 1242 2220 bonosque
1263 2139 1378 2202 favere
1399 2140 1449 2199 85.
1472 2155 1573 2201 nemo
1594 2139 1707 2199 bonus
1726 2136 1771 2200 li-

326 2279 332 2292 .
399 2243 568 2304 bertatem
587 2243 656 2314 nisl
678 2265 755 2305 cum
777 2245 894 2305 anima
914 2244 1019 2302 simul
1041 2244 1169 2303 amittit
1191 2246 1226 2302 C.
1249 2247 1301 2303 33.
1327 2263 1391 2324 910
1411 2243 1505 2305 hono
1527 2243 1608 2324 duci
1631 2245 1675 2305 H.
1697 2244 1721 2303 Ι.
1742 2263 1771 2321 9.

399 2347 486 2408 boni
506 2348 669 2430 malique,
689 2347 821 2411 strenui
841 2354 875 2408 et
895 2345 1054 2407 imbelles
1074 2344 1106 2406 J.
1118 2346 1168 2422 67.
1189 2346 1223 2405 b.
1238 2346 1378 2428 segnior
1397 2346 1446 2429 fit,
1466 2347 1528 2410 ubi
1542 2348 1703 2434 neglegas
1718 2352 1771 2412 31.

311 2490 313 2493 -
393 2451 481 2514 ride
501 2474 637 2532 oequus.
660 2453 792 2514 bonum
819 2471 853 2517 n.
875 2448 1445 2534 01110101)109001110111101000
1470 2441 1500 2512 1.
1523 2456 1590 2514 108.
1612 2473 1633 2513 0
1651 2455 1682 2515 1).
1703 2455 1769 2518 ho-

399 2565 563 2642 nestoque
584 2555 628 2617 -in
660 2576 805 2638 pravum
835 2555 1020 2617 abstractus
1042 2573 1091 2632 29.
1114 2557 1144 2620 8.
1177 2552 1263 2634 quid
1283 2554 1370 2617 honi
1389 2555 1542 2636 utrisque
1570 2565 1629 2618 aut
1650 2565 1769 2620 000110

401 2659 451 2738 87.
481 2679 594 2738 neque
615 2668 706 2722 recte
727 2680 838 2739 neque
858 2681 922 2742 pro
941 2661 1036 2722 hono
1059 2659 1231 2724 facturum
1254 2677 1303 2723 11.
1331 2647 1429 2740 aequo
1456 2669 1490 2722 et
1508 2662 1542 2728 1).
1563 2669 1769 2727 sustentatus

400 2765 444 2823 H.
464 2765 490 2824 Ι.
515 2786 560 2843 19.
598 2785 638 2828 ex
658 2786 720 2845 aeq.
749 2766 912 2845 bonoque
942 2785 1045 2845 quam
1067 2785 1108 2827 ex
1132 2764 1212 2843 jure
1232 2761 1388 2848 gentium
1407 2767 1437 2825 J.
1461 2770 1510 2827 35.
1537 2767 1629 2828 bona
1649 2768 1769 2831 omnia

360 2868 364 2874 '
399 2868 440 2930 in
461 2889 521 2952 spe
542 2871 670 2932 habere
702 2872 734 2931 C.
755 2874 805 2930 31.
833 2871 869 2933 1).
891 2871 982 2933 01010
1003 2873 1045 2934 H.
1067 2873 1124 2936 IV.
1148 2892 1196 2932 ιι.
1230 2889 1251 2930 0
1271 2888 1353 2932 vero
1372 2870 1535 2948 bonoque
1554 2870 1768 2954 impediebat

402 2975 433 3036 J.
455 2979 504 3040 3ο.
525 2976 559 3034 1).
581 2974 761 3058 publicum
782 2976 817 3034 C.
841 2977 891 3038 18.
916 2977 946 3035 1.
970 2977 1019 3041 15.
1038 2963 1077 3035 1).’
1094 2995 1292 3037 maxumum
1312 2975 1351 3036 in
1372 2973 1549 3052 eeleritate
1566 2975 1710 3057 putabat
1730 2978 1765 3041 C.

400 3082 449 3140 33.
482 3080 517 3138 1).
540 3085 574 3139 et
594 3082 741 3159 aequum'
757 3079 790 3140 J.
814 3083 860 3143 15.
895 3099 998 3163 supra
1018 3081 1052 3143 1).
1073 3075 1177 3162 atque
1197 3083 1382 3166 honestum
1401 3081 1451 3143 80.
1479 3080 1536 3158 jus
1564 3081 1766 3163 bonumque

399 3185 435 3242 C.
457 3203 486 3260 9.
1485 3256 1490 3265 .
1706 3204 1710 3208 ·

358 3283 482 3352 Brevis
501 3284 572 3349 vita
592 3289 630 3350 C.
654 3310 679 3350 1.
700 3287 764 3352 aevi
782 3289 813 3350 J.
838 3309 869 3356 ι,
886 3289 984 3353 brevi
1002 3289 1114 3375 spatio
1135 3283 1295 3356 coaluere
1316 3291 1367 3376 87.
1396 3289 1546 3354 breviter
1576 3297 1611 3354 et
1629 3291 1766 3356 modice

399 3394 442 3456 de
462 3411 546 3484 pace
566 3393 727 3462 disseruit
750 3415 817 3456 ιιι.
840 3395 874 3464 C.
896 3397 945 3487 36.
967 3395 1065 3460 brevi
1085 3399 1136 3473 43.
1157 3385 1407 3485 ntempore's.
1431 3400 1478 3456 13.

1041 3574 1077 3638 C.

357 3699 546 3767 Cadavera·
566 3706 719 3769 hostium
747 3717 782 3772 C.
805 3709 853 3769 8).
874 3685 1017 3770 hostilia
1035 3697 1317 3765 volventes‘ibid.
1338 3699 1455 3763 omnia
1476 3709 1645 3767 constrata
1665 3705 1763 3783 telis,

329 3869 331 3872 .
397 3808 515 3890 ermis,
535 3813 757 3874 cadaveribus
776 3813 807 3877 J.
832 3831 900 3872 101.

358 3909 498 3974 Cadere
518 3921 577 3972 aut
594 3914 743 3982 ,sauciari
763 3917 794 3975 J.
811 3934 860 3994 91.
881 3914 1030 3977 inermes
1051 3911 1242 4000 0011110154.
1263 3919 1457 3994 opportuna
1477 3932 1531 3976 res
1552 3912 1643 3976 cadit
1665 3924 1700 3979 c.
1713 3931 1761 3976 00.
1823 3940 1825 3944 ·

396 4011 609 4095 precipitem
629 4018 750 4075 cader'e
769 4018 801 4075 J.
822 4019 853 4078 8.
873 4017 911 4078 in
930 4015 1120 4096 perniciem
1140 4014 1378 4078 misericordia
1398 4015 1500 4084 cedit.
1524 4023 1571 4079 31.

359 4110 461 4183 Caeci
478 4116 621 4179 avaritia
640 4119 671 4183 J.
693 4119 743 4179 80.
765 4105 927 4200 cupidine
947 4119 997 4177 25.
1019 4123 1069 4199 37.
1089 4121 1222 4181 nudum
1243 4129 1275 4182 ct
1295 4140 1422 4184 caecum
1443 4141 1566 4205 eorpus
1586 4124 1631 4184 ad
1652 4120 1761 4186 hostis
1836 4133 1839 4139 '

395 4229 532 4285 vortere
555 4243 622 4302 107.
1053 4235 1055 4242 '

283 4345 286 4351 ’
357 4326 464 4409 Cede
482 4335 584 4422 atque
599 4331 694 4392 luctu
708 4327 826 4405 omnia
837 4326 1054 4423 complentur
1072 4332 1102 4393 J.
1112 4349 1163 4425 91.
1183 4291 1765 4428 008001,100001110011090010111
1842 4345 1848 4354 “
