4230 5348
1688 445 1737 542 95

332 631 510 700 Ciceronis
534 620 693 696 oratione
716 619 787 714 'pro
816 626 979 698 Cluentio
1007 633 1226 718 intelligitur.
1255 633 1316 698 cfr.
1337 637 1458 702 Aaron
1486 637 1677 702 Commeat.
1702 640 1741 706 in

330 741 426 808 Verr.
445 763 481 824 p.
505 739 554 802 55.
585 735 769 802 incassum
804 737 1011 826 agebantur·
1044 743 1135 809 hanc
1156 740 1342 811 lectionem
1372 743 1483 808 nostri
1508 747 1596 811 Vatt.
1616 747 1742 812 contir-

330 854 444 931 mant,
464 854 500 910 et
522 863 638 929 perse
656 845 1045 928 patet,'conjnnctivum
1073 849 1118 912 ab
1145 848 1191 922 iis
1216 867 1290 914 ease
1309 851 1517 934 profectum,
1546 850 1609 932 qui
1632 858 1743 916 struo-

330 959 417 1017 turae
438 950 608 1019 rationem
628 946 744 1014 minus
762 943 1007 1038 intelligerent.
1029 955 1236 1042 agebantur
1252 992 1294 1008 —
1314 963 1349 1020 et
1360 951 1516 1045 facturi
1529 963 1638 1018 erent
1658 959 1744 1022 alte-

328 1075 409 1122 rum
429 1056 530 1120 alteri
548 1059 732 1140 respondet
738 1081 748 1132 4
771 1065 806 1122 et
820 1058 1074 1126 conditionales
1090 1060 1346 1146 propositiones
1367 1061 1417 1124 ita
1430 1060 1554 1146 saepius
1572 1064 1666 1144 apud
1678 1065 1744 1125 Ta·

330 1163 438 1226 citum
464 1158 631 1246 exprimi,
651 1162 733 1228 satis
757 1172 898 1230 constat.
927 1161 1160 1252 dicta-alia,
1190 1170 1256 1232 red
1281 1174 1465 1234 certatum
1494 1161 1680 1248 utrimque
1702 1166 1745 1230 de

330 1263 583 1333 dominatione
611 1265 651 1333 in
679 1267 781 1336 vobis
797 1267 859 1336 sit.
880 1271 940 1338 cfr.
957 1292 1060 1358 supra
1076 1275 1175 1340 Catil.
1193 1277 1251 1352 38:
1271 1276 1426 1350 ,honum
1441 1273 1623 1358 publicum
1636 1272 1745 1344 simu-

328 1374 440 1438 lantes
461 1395 527 1458 pro
550 1394 612 1438 sua
631 1376 784 1458 ,quisque
814 1378 972 1462 potentia
1003 1381 1212 1446 certabam.»
1239 1375 1279 1443 in
1308 1375 1411 1444 uobis
1436 1379 1497 1448 cfr.
1517 1378 1619 1444 Catil.
1638 1395 1689 1455 4².
1708 1383 1747 1450 ,et

329 1498 433 1562 supra
449 1502 484 1563 p.
510 1483 559 1546 51.
588 1480 628 1544 in
646 1489 787 1566 tempus
810 1505 938 1554 arsere
955 1485 978 1548 i.
1000 1485 1082 1550 ein
1112 1485 1258 1569 aliquod
1282 1493 1434 1569 tempus,
1453 1483 1688 1568 aliquamdiu,
1701 1484 1747 1546 ad

329 1593 463 1668 tempus
490 1587 550 1650 cfr.
573 1589 651 1656 Tac.
672 1589 796 1655 Annal.
812 1613 849 1653 u.
872 1595 933 1672 394
966 1595 996 1656 5.
1012 1613 1067 1670 ιι4
1091 1608 1136 1669 ι4.
1156 1609 1211 1672 203
1231 1607 1263 1666 4.
1283 1593 1343 1654 66:
1364 1611 1490 1658 arsere
1511 1590 1650 1662 eortius
1670 1607 1748 1664 «ee-

328 1697 401 1754 tera
420 1690 563 1776 afflicta,
583 1701 703 1758 vexata
719 1703 818 1780 sunt,
838 1696 942 1760 sicuti
957 1694 1160 1762 incendium
1170 1718 1210 1763 ea
1229 1697 1374 1762 notione
1391 1700 1436 1763 de
1454 1695 1554 1783 gravi
1573 1714 1654 1760 casu
1674 1695 1749 1758 dic-

327 1801 420 1874 tum3
440 1795 521 1860 ride
534 1799 635 1862 Catil.
658 1803 708 1862 31.
728 1821 763 1867 n.
784 1821 821 1880 9:
841 1804 902 1866 sed
922 1801 1069 1866 dubium
1079 1805 1209 1886 habeo,
1228 1824 1273 1868 ne
1291 1812 1414 1871 cetera
1432 1803 1477 1866 sit
1492 1810 1637 1884 quartus
1651 1819 1749 1866 casus

328 1898 372 1963 et'
385 1903 506 1966 ardere
530 1903 666 1984 aliquid
694 1925 760 1987 pro
782 1904 931 1968 nimium
960 1925 1103 1989 cupere,
1126 1908 1277 1970 maximo
1299 1907 1416 1974 studio
1437 1927 1594 1990 quaerere
1611 1906 1749 1972 dixerit.

327 2004 423 2089 Virg.
444 2006 562 2090 Eclog.
589 2031 618 2068 2.
644 2031 676 2070 ιε
707 2009 914 2074 Formosum
941 2018 1061 2096 pastor·
1080 2003 1245 2096 Corydon
1271 2014 1416 2078 ardebat
1442 2013 1578 2080 Alexin.
1601 2015 1647 2074 ad
1667 2014 1747 2094 lug.

328 2111 379 2185 39.
402 2130 438 2169 n.
457 2113 509 2169 5.»
530 2113 724 2190 Utrumque
744 2117 950 2188 absurdum
973 2119 1103 2176 dictum
1113 2115 1266 2176 utGatil.
1286 2129 1342 2188 14:
1363 2121 1403 2174 ut
1412 2115 1585 2190 cuiusque.
1593 2111 1748 2174 studium

328 2231 371 2274 ex
391 2217 491 2274 aetate
513 2210 680 2294 flagrabat
702 2213 765 2279 cfr.
788 2233 893 2294 quem
914 2216 967 2278 ibi
991 2215 1169 2278 Ciceronis
1194 2215 1312 2278 locum
1332 2214 1474 2277 laudavi
1496 2234 1562 2299 pro
1590 2213 1699 2283 calio
1718 2215 1746 2279 5.

328 2317 541 2400 ,flagrabant
556 2313 642 2377 vitia
661 2315 823 2380 libidinis
843 2322 936 2401 apud
956 2319 1077 2401 illum,
1099 2319 1389 2405 vigebantetiam
1404 2320 1522 2386 studia
1545 2320 1598 2384 rei
1612 2321 1745 2384 milita-

216 2431 235 2514 ’γ
329 2419 396 2484 ris«
422 2427 456 2484 et
471 2419 511 2480 in
529 2419 671 2482 Verrem
696 2431 727 2489 4.
748 2423 806 2476 32:
829 2422 989 2480 convivia
1006 2423 1135 2500 stupris
1156 2424 1365 2504 flagitiisque
1384 2429 1540 2510 flagrant,
1557 2429 1635 2492 Tae.
1655 2420 1746 2497 Hist.

328 2541 359 2600 4.
383 2541 438 2586 12:
459 2531 493 2586 et
513 2520 637 2582 Annei.
659 2535 706 2594 14.
728 2524 789 2602 39:
809 2523 975 2604 flagrante
989 2519 1096 2587 etiam
1116 2530 1191 2585 tum
1210 2525 1390 2602 libertate3
1411 2533 1619 2606 quodrecte
1636 2531 1746 2595 inter-
1763 2539 1776 2556 ‘

328 2635 527 2713 pretantur,
548 2645 642 2702 ,non
663 2591 816 2688 durante¹
829 2632 979 2710 tantum,
1002 2629 1062 2690 sed
1086 2627 1125 2688 in
1138 2645 1274 2723 summo
1289 2627 1410 2710 vigore
1428 2630 1648 2695 constituta-³>
1660 2655 1747 2714 per-

329 2727 468 2796 mansit
493 2749 576 2792 una·
594 2750 670 2814 res,
693 2751 774 2812 qum
794 2765 836 2784 -
851 2725 1018 2811 ,quaesita
1051 2735 1115 2792 est.
1139 2729 1176 2792 h.
1200 2748 1229 2794 e.
1254 2747 1317 2814 per
1338 2737 1451 2800 totum
1482 2733 1552 2797 hoc
1582 2737 1749 2818 temporis

330 2836 499 2919 spatium,
525 2834 601 2898 sine
625 2835 699 2898 ulla
723 2835 982 2902 intermissione
1012 2837 1081 2898 hoc
1107 2833 1256 2918 petitum
1277 2841 1345 2913 est3
1368 2839 1555 2918 respondet
1570 2839 1751 2905 Graecum:

331 2917 474 3024 didym,
497 2924 652 3004 διατελεῖν
674 2966 752 3008 eum
771 2942 967 3027 participio.
989 2943 1102 3004 telum
1120 2974 1163 2998 ι-
1176 2946 1358 3024 paratum
1373 2939 1434 3007 cfr.
1446 2940 1522 3005 Lir.
1545 2946 1575 3009 3.
1590 2946 1647 3022 694
1670 2946 1699 3006 5.
1712 2967 1749 3024 94

333 3077 361 3135 9.
383 3060 439 3134 374
460 3055 588 3117 Seneca
608 3055 652 3116 de
673 3051 726 3114 ira
751 3068 780 3112 a.
811 3069 866 3124 115
899 3049 978 3112 Tac.
1002 3047 1141 3132 Dialcg.
1162 3049 1206 3111 de
1223 3047 1319 3110 Orat.
1340 3067 1368 3112 c.
1393 3043 1428 3108 6:
1459 3067 1533 3110 non
1549 3050 1671 3114 ,hercle
1694 3051 1750 3116 lo-

332 3160 405 3222 rica
421 3165 480 3221 ant
497 3153 634 3242 gladius
658 3157 697 3220 in
720 3155 793 3219 acie
819 3154 953 3216 firmius
971 3152 1245 3236 munimentum,
1273 3171 1378 3234 quam
1402 3171 1463 3218 reo
1485 3162 1520 3218 et
1537 3155 1752 3240 periclitanti

335 3262 535 3344 eloquentia
547 3255 749 3344 presidium
772 3259 927 3324 simulet
948 3257 1076 3344 telum,
1099 3278 1168 3338 quo
1190 3277 1411 3343 propugnare
1431 3259 1562 3344 pariter
1585 3267 1620 3328 et
1637 3261 1750 3328 inces-

334 3367 587 3450 sere-possis.
607 3366 705 3432 Adde
714 3367 866 3448 Interpp.
882 3367 927 3428 ad
940 3363 1052 3427 Plaut.
1072 3363 1172 3455 Epid.
1189 3364 1233 3426 II.
1248 3385 1276 3430 a.
1290 3365 1361 3426 103.
1380 3348 1520 3430 Aliram.
1537 3368 1583 3428 ad
1601 3366 1670 3430 Cic.
1683 3387 1748 3449 pro

222 3527 225 3536 .
279 3547 283 3552 ,
335 3472 442 3538 Coelio
458 3494 485 3534 c.
507 3494 538 3552 9.
557 3463 715 3537 ‘nomina
733 3491 857 3534 rernm
873 3472 926 3534 nd
936 3465 1121 3560 ignaviam
1137 3476 1356 3538 mutantes?
1378 3473 1423 3534 de
1442 3470 1636 3534 mutatione
1648 3489 1750 3534 voca-

333 3580 499 3641 bulorum
521 3579 684 3661 preclare
704 3575 941 3642 catecasta.
956 3578 1005 3642 ⁵2.
1030 3582 1064 3639 et
1080 3581 1184 3660 quem
1199 3577 1307 3641 Thus.
1322 3577 1438 3641 locum
1454 3575 1507 3638 ibi
1523 3573 1747 3640 laudavimus.

336 3691 369 3748 et
391 3684 536 3778 Loccen.
559 3687 604 3747 ad
628 3687 664 3751 C.
683 3687 767 3768 Nep.
792 3706 820 3748 c.
845 3684 876 3748 5.
894 3685 1012 3768 Epam.
1029 3685 1120 3747 Cort.
1140 3683 1193 3746 ad
1212 3677 1330 3771 ignat.
1348 3682 1373 3746 i.
1390 3700 1421 3747 e.
1441 3684 1647 3761 secundum
1676 3683 1746 3745 Cic.

335 3791 421 3874 Epp.
440 3792 484 3851 ad
505 3788 584 3860 Die.
607 3792 634 3857 6.
658 3810 697 3870 7:
726 3789 877 3874 plurima
897 3788 1047 3854 scrihere
1071 3791 1116 3852 ad
1140 3787 1250 3853 alieni
1267 3806 1386 3855 sensus
1406 3775 1653 3866 conjecturam,
1675 3806 1749 3852 non

336 3896 381 3956 ad
401 3913 501 3958 suum
512 3893 697 3972 judicium.
719 3893 779 3958 cfr.
797 3895 870 3959 Liv.
891 3893 920 3974 9.
941 3898 999 3971 304
1023 3917 1052 3958 1.
1075 3917 1112 3976 74
1130 3875 1184 3960 38.
1206 3897 1260 3975 26;
1281 3899 1332 3978 37.
1354 3898 1409 3971 163
1430 3897 1481 3971 45.
1503 3896 1561 3972 384
1581 3901 1615 3957 et
1632 3892 1748 3976 saepis·

336 3999 423 4062 sime
441 3999 538 4063 alibi.
560 4002 643 4066 Caes.
661 4003 696 4065 B.
718 4000 789 4065 Cir.
809 4005 838 4064 3.
858 4001 909 4062 38.
939 4020 1010 4082 quo
1024 3996 1110 4092 jam
1134 4003 1215 4084 ipso
1226 3995 1319 4089 srui
1333 4007 1397 4067 etc.
1417 3999 1478 4064 cfr.
1496 4001 1591 4064 Orat.
1606 3996 1747 4080 Lepidi:
1865 4083 1874 4097 ἡ

336 4103 420 4180 ,illa
447 4105 546 4187 quies
573 4114 606 4171 et
627 4104 740 4170 otium
763 4127 841 4186 cum
855 4106 1025 4202 libertate
1047 4143 1089 4159 -
1123 4107 1222 4170 nulla
1240 4111 1351 4170 sunt.»
1378 4101 1414 4168 ri
1430 4125 1519 4168 cera
1539 4109 1576 4166 et
1592 4103 1746 4168 honesta

331 4203 523 4300 flagitium
541 4204 769 4296 superaverit
795 4210 820 4274 i.
842 4231 872 4276 e.
892 4211 922 4276 si
946 4211 1089 4296 quidem
1113 4230 1177 4295 pro
1200 4210 1348 4294 pristina
1365 4203 1527 4275 libertate
1546 4205 1680 4308 servitii
1690 4205 1747 4282 ju-

340 4331 420 4399 gum
446 4317 546 4382 robis
578 4320 646 4384 erit
681 4315 897 4406 impositum.
919 4315 1109 4419 condicio:
1135 4316 1186 4379 ita
1209 4322 1405 4384 constanter
1425 4315 1577 4398 optimus
1602 4309 1749 4392 quisque
